2317 3809
983 18 1003 57 ἱ
1064 61 1068 67 .

296 194 440 255 ulum.
476 191 703 250 CARI-82
947 185 996 253 89·

98 330 143 385 30.
163 330 286 396 Basilus,
311 330 514 399 ntimperatum
539 334 594 395 est,
617 329 697 394 lnelt3
715 328 990 403 eeleritereontruquo

41 400 151 455 omnium
161 402 312 467 opinionem
326 403 444 453 conlecto
456 400 566 464 itinere,
591 403 688 453 multos
700 400 728 452 in
740 402 813 470 agris
826 402 989 469 inopinantes
1014 455 1017 468 ,

40 471 219 536 deprehendit3
237 488 328 521 eorum
343 470 440 521 indicio
448 471 482 521 od
492 470 577 537 ipsum
588 469 772 539 Ambiorigem
787 472 925 535 contendit,
936 490 988 539 quo

39 540 133 591 inloco
147 558 211 593 enm
224 540 317 606 paucis
329 540 460 607 equitibus
474 557 530 591 esse
543 540 688 593 dicebatur.
723 538 840 591 niumm
858 557 940 607 quum
959 541 988 592 in

39 608 153 661 omnibus
169 610 264 673 rebus,
280 617 337 661 tum
354 610 382 661 in
396 627 426 661 re
442 606 553 661 militari
573 614 658 675 potest
676 609 790 662 lortnnu.
832 610 902 660 Nam
920 610 990 671 sieut
1020 663 1024 667 Α

38 695 129 745 magno
149 678 248 730 eccidit
263 695 341 743 omn,
368 682 397 730 ut
415 679 442 729 in
462 678 549 745 ipsum
564 677 700 731 incautum
719 685 797 745 utque
810 677 891 741 etium
911 678 988 745 inpu-

36 757 117 799 ratum
135 746 279 811 incideret,
302 741 426 814 priusqipe
444 746 499 799 eius
518 748 643 799 adventas
662 749 697 799 ob
714 746 867 799 bominibus
884 746 988 799 videre-

37 822 89 879 tur,
111 833 196 883 quam
211 818 285 867 fama
302 834 334 869 ae
353 816 462 869 nuncius
480 816 605 869 adventus
624 817 785 870 odlerreturz
811 816 849 869 sie
872 832 995 884 magnae,

37 886 82 935 luit
91 886 231 949 fortunae,
250 885 323 937 omui
336 884 446 940 militari
458 884 643 949 instrumento,
668 888 738 953 quod
751 886 988 955 circumsebabo-
1063 896 1066 899 ’

37 954 92 1019 bat,
108 962 215 1021 erepto,
227 955 315 1007 rhedis
326 955 450 1021 equisque
459 955 668 1021 comprehensis,
683 956 770 1023 ipsum
783 954 903 1032 effugere
914 972 987 1005 mor·

37 1030 92 1079 tem„
126 1024 181 1077 Sed
194 1025 288 1075 boceo
303 1025 401 1075 luctum
412 1029 466 1087 est,
483 1025 568 1091 quod,
594 1025 713 1078 uedilleio
733 1024 894 1078 circumdato
909 1024 987 1089 silva,

37 1092 74 1157 (nt
88 1102 149 1145 sont
161 1098 224 1160 fere
246 1094 376 1145 domicilia
400 1094 549 1160 Gellernm,
575 1096 633 1161 qui,
661 1094 765 1145 vitandi
780 1102 867 1145 uenus
884 1110 986 1157 morsu,

35 1163 182 1231 plerumque
194 1164 321 1214 siloa-rum
331 1181 363 1213 ee
371 1164 510 1229 fluminum
529 1171 622 1232 petent
631 1164 859 1231 propinquitates,)
877 1163 988 1216 comite·

37 1232 230 1297 familiaresque
240 1232 296 1283 eius
309 1238 421 1301 augusto
437 1232 465 1283 in
479 1234 538 1284 loeo
551 1233 695 1301 paullisper
707 1233 826 1299 equitum
837 1239 986 1283 nostrornm

36 1300 85 1351 iim
97 1302 286 1353 sustinuerunt.
320 1302 370 1353 llis
383 1302 571 1369 pugnantibus,
589 1302 667 1356 illum
683 1301 711 1353 in
724 1319 821 1367 equum
834 1302 941 1369 quidam
953 1318 986 1353 er

36 1370 84 1420 suis
97 1370 203 1421 intulit:
226 1370 373 1438 lugientem
390 1371 474 1423 sileno
493 1378 620 1423 texerunt.
653 1371 698 1423 Sic
718 1377 745 1423 et
767 1372 801 1423 nd
821 1370 985 1437 subeundum

36 1440 196 1503 perieulum,
215 1440 451 1504 intermittendum,
468 1442 581 1495 multum
591 1441 698 1493 fernme
711 1440 807 1493 valuit·
908 1483 910 1486 .
995 1443 1025 1480 s

97 1509 142 1560 31.
169 1508 307 1561 Ambiorix
324 1508 412 1575 copias
430 1526 494 1573 suos¹
506 1505 637 1564 iudicione
657 1528 708 1561 non
725 1508 893 1583 conduxerit²
914 1506 985 1575 qnod

36 1578 131 1641 proelio
147 1577 330 1629 dimicandum
340 1596 391 1631 non
406 1578 575 1642 existimarit,
598 1596 632 1634 an
645 1585 761 1645 tempore
771 1580 890 1631 exclusus
901 1587 927 1631 et
940 1595 984 1630 re-
1031 1595 1033 1598 ·

36 1647 132 1710 pentiuo
150 1647 271 1713 equitum
283 1648 395 1699 adventu
408 1648 571 1714 prohibitus,
595 1666 678 1715 quum
693 1648 825 1713 reliquum
840 1648 985 1700 exereitum

35 1714 152 1782 subsequi
172 1717 306 1780 erederet,
328 1717 435 1771 dubium
455 1722 509 1769 est:
531 1718 576 1769 sed
596 1724 679 1781 certe,
704 1716 817 1769 dimissis
836 1734 883 1782 per
904 1734 985 1785 agros

37 1786 143 1847 nunriis,
163 1784 215 1835 sibi
228 1802 357 1852 quemque
370 1788 504 1837 consulere
515 1786 607 1838 iussit:
623 1804 736 1853 quorum
747 1801 808 1852 pure
822 1784 850 1836 in
867 1786 984 1837 Arduen-

36 1869 90 1903 nam
103 1855 215 1916 silvam,
232 1871 295 1921 pars
308 1855 335 1905 in
348 1855 505 1909 continentes
520 1856 630 1922 pnludes
652 1856 785 1923 prologit3
812 1852 858 1919 qni
871 1853 984 1919 proximi

37 1922 168 1975 beeuuum
178 1924 297 1987 fuerunt,
314 1924 343 1975 bi
354 1924 447 1977 insulis
458 1942 515 1975 sese
529 1926 742 1987 occultaverunt,
766 1938 831 1989 ques
844 1931 930 1973 aestus
945 1922 984 1972 ef-

36 1990 108 2043 ficere
119 1996 291 2044 consuerunt:
305 1994 391 2057 multi,
406 2011 438 2045 ex
452 1992 505 2045 suis
518 1992 613 2043 finibus
626 1992 735 2061 egressi,
750 2010 778 2043 se
792 1990 986 2059 sneqneomniu

37 2060 199 2113 alienissimis
212 2061 383 2114 erediderunt.
419 2061 577 2123 Cativoleun
593 2080 638 2113 rex
652 2061 776 2114 dimidiae
787 2058 869 2127 pertis
880 2060 986 2111 Eburo·

37 2144 107 2194 num,
125 2130 174 2197 qui
186 2130 239 2183 uua
249 2149 310 2186 eom
322 2131 477 2200 Ambiorige
488 2128 626 2183 eonsilium
637 2130 745 2193 inierat,
760 2137 845 2183 aetate
858 2128 912 2181 iem
922 2147 984 2181 eon·

37 2198 121 2265 lectus,
135 2216 218 2267 quum
231 2201 351 2253 laborem
362 2208 408 2253 unt
422 2200 487 2253 belli
499 2206 544 2253 etit
555 2200 636 2269 lugoe
647 2202 717 2253 ferre
731 2218 783 2251 non
791 2208 886 2267 posset,
897 2198 984 2251 omni·

37 2266 80 2318 bus
99 2269 226 2335 precibus
241 2270 381 2323 detestatus
400 2268 598 2338 Ambiorigem,
626 2270 672 2336 qni
693 2268 749 2321 eins
768 2268 870 2321 consilii
890 2275 983 2321 unctor

37 2337 138 2402 luisset,
158 2344 232 2402 taxo,
249 2340 323 2393 ouius
336 2356 434 2408 magna
445 2340 476 2392 in
490 2339 580 2393 Gallio
591 2338 783 2407 Germaniaque
795 2338 870 2405 eopia
881 2344 936 2403 est,
954 2354 982 2391 se

37 2406 199 2459 exanimavit.
437 2452 439 2457 ,
721 2448 724 2455 .

97 2477 142 2529 32.
167 2475 250 2545 Segni
270 2476 461 2545 Condrusique,
486 2494 518 2529 er
534 2484 612 2546 gente
623 2481 767 2530 etnnmero
783 2476 983 2539 Germanorum,
1003 2536 1008 2543 ί

38 2544 154 2609 quisunt
174 2546 242 2599 inter
263 2548 398 2599 Eburones
411 2546 600 2613 Trevirosque,
615 2549 718 2615 legatos
729 2548 762 2601 nd
779 2540 917 2604 Caesarem
931 2543 987 2611 mil-¹

38 2622 132 2685 serunt,
152 2624 265 2680 orntum,
281 2634 353 2669 nese
365 2615 393 2667 in
406 2614 521 2667 bostium
533 2634 642 2685 numero
657 2618 771 2679 doceret,
787 2632 853 2667 neve
866 2610 986 2665 omnim

39 2683 244 2748 Germanorum,
267 2684 414 2752 quiessent
436 2686 502 2738 eitra
522 2686 663 2749 Rhenum,
686 2700 766 2736 unum
788 2701 844 2735 esse
864 2697 984 2735 ennssnm

38 2750 174 2807 indicaret:
199 2753 268 2805 nihil
278 2772 305 2807 se
319 2754 433 2808 debello
446 2754 616 2823 cogitavisse,
633 2754 707 2806 nulla
719 2749 870 2819 Ambiorigi
884 2748 986 2812 auxilia

38 2821 143 2889 misisse,
176 2822 286 2887 Caesen,
307 2823 443 2889 explorata
462 2841 491 2881 re
505 2824 654 2891 quaestione
668 2822 841 2889 captivorum,
858 2818 936 2887 siqui
949 2819 985 2880 erl

38 2907 77 2942 eos
96 2894 234 2943 Eburones
248 2910 285 2957 en¹
299 2893 364 2960 lugu
372 2893 564 2956 convenissent,
581 2894 615 2945 ud
630 2911 659 2944 se
672 2901 701 2945 ut
715 2892 915 2954 reducerentur,
932 2888 984 2942 im·

37 2962 149 3027 pererit:¹
165 2960 188 3012 si
202 2959 240 3011 ita
246 2960 373 3023 fecissent,
384 2960 448 3016 lines
464 2980 555 3017 eorum
568 2981 596 3017 se
608 2963 768 3015 violaturum
779 2957 894 3032 negavit.
912 2958 984 3011 Tum

38 3031 112 3095 copiis
131 3029 159 3081 in
182 3028 229 3080 tris
240 3038 326 3096 partes
346 3031 506 3096 distributis,
529 3032 704 3099 inpedimento
718 3027 835 3081 emnium
848 3028 985 3111 legionum

38 3096 196 3151 Aduatucam
208 3099 326 3158 contulit.
360 3101 388 3151 ld
399 3101 500 3155 eustelll
510 3118 604 3153 nomen
616 3108 662 3153 est
692 3101 751 3153 Hoc
765 3101 869 3151 lereest
885 3116 914 3151 ιιι
928 3114 985 3148 me·

39 3166 82 3218 diis
99 3170 252 3223 Eburonum
280 3168 389 3234 linibus,
416 3170 462 3229 nbi
487 3170 605 3225 Titurius
622 3176 700 3237 utque
719 3167 908 3221 Aurunculeius
925 3165 985 3221 hio·

39 3238 121 3289 mandi
133 3255 225 3293 cnosso
237 3240 413 3293 consederent.
446 3240 524 3291 Hunc
536 3255 616 3305 qumu
629 3238 734 3306 reliquis
745 3239 824 3291 rebus
829 3238 916 3290 locum
924 3252 985 3302 pro-
995 3260 1001 3271 ι

40 3302 127 3369 tanat,
149 3314 206 3361 turn
227 3308 297 3373 qnod
318 3307 457 3375 superioris
466 3308 528 3361 unni
543 3306 698 3360 munitiones
707 3308 826 3375 integrae
835 3306 985 3368 manebant,

40 3380 65 3427 ¹¹⁸
82 3376 198 3443 mmm
212 3378 333 3440 laborem
350 3378 520 3436 subenme-
546 3376 682 3433 Preesidio
698 3374 878 3446 inpedimentis
898 3372 984 3441 logie
