2317 3809
328 220 408 302 um.
426 245 448 298 1.
483 245 571 298 cnr.
588 242 713 332 tuf-ar.
946 234 1009 302 175

40 383 165 448 resedi,
179 386 248 452 quod
260 384 297 436 ibi
311 385 457 452 paullulum
467 384 593 437 frumeuti
604 383 777 451 reliquerautz
789 383 827 436 ibi
839 402 868 435 se
876 385 1009 452 reliquum

41 455 193 506 consilium
208 456 382 522 explicaturos
392 455 563 506 confidebant
587 455 706 505 Tarraco
718 456 811 505 aberat
823 456 886 521 long
887 456 939 506 ius·
956 471 1009 520 que

39 523 137 589 spatie
151 525 239 588 Plures
257 542 313 576 rem
330 541 405 590 posse
420 540 463 574 cas
452 542 495 575 us
511 523 627 590 recipere
647 523 841 592 intellegebant.
875 525 935 574 Ηοο
948 541 1010 589 pro-

39 594 114 644 bato
131 609 194 642 cons
183 593 258 656 ilio,
277 611 308 644 ex
322 610 364 644 cas
367 593 412 644 tris
428 593 634 658 proficiscuntur.
669 566 753 644 Cae.=D
723 611 778 655 =·,ar
796 592 913 658 equitatu
930 587 1035 658 prae*

39 662 117 712 miss
118 679 148 722 o,
163 679 207 727 qni
218 679 292 713 ιιοιι
293 680 388 713 rmum
400 679 496 729 nomeu
510 668 628 727 carperet
637 667 715 727 atque
724 660 890 728 inpediret
882 678 921 726 aps
909 677 1010 714 secum

39 700 204 798 legionibus
225 732 397 797 subsequitur.
430 732 538 782 Nullum
553 732 735 783 intercedebat
752 741 870 798 tempus,
888 730 950 796 quin
964 747 1010 782 er·

39 799 131 852 tremi
145 817 205 849 cum
221 801 351 866 equitibus
366 801 562 866 proeliarentur.

121 867 166 919 ιι).
185 869 272 919 Genus
283 877 339 920 crat
351 870 401 920 lroc
413 885 523 937 pugnae.
548 867 693 934 Expeditae
703 868 824 919 cobortes
837 867 1010 920 nouissimum

41 953 152 1004 agmen
165 938 333 1000 claudebant3
350 938 497 1004 pluriesque
509 938 536 988 in
548 938 613 988 locis
624 937 813 1002 campestribus
822 938 1010 988 subsistebante

42 1007 72 1058 si
101 1023 177 1060 mons
199 1013 255 1058 erat
274 1007 480 1069 adscendamus,
506 1007 584 1058 lucile
608 1007 664 1072 ipsa
685 1006 736 1056 loci
752 1016 849 1057 natura
862 1007 1009 1072 periculum

42 1076 213 1141 repellebat,
227 1076 295 1141 quod
306 1095 338 1128 ex
348 1077 413 1128 locis
425 1075 616 1142 superioribus,
629 1074 675 1141 qui
686 1081 888 1137 antecesserant,
900 1076 943 1127 de
933 1093 1010 1141 uper

45 1145 154 1216 [suos]
154 1145 337 1196 adscendentes
349 1147 527 1214 protegebant.
562 1145 652 1209 Quum
663 1144 741 1194 uallis
755 1145 886 1195 antiocus
901 1144 1009 1196 declivis

43 1203 176 1288 aulierat,
202 1231 283 1279 neque
306 1215 342 1276 ii,
368 1215 413 1280 qui
436 1219 641 1277 antecesserant,
666 1213 828 1264 morantibus
843 1231 919 1279 opem
938 1215 1009 1265 terre

44 1275 190 1350 pote'rant,
208 1284 307 1348 equites
319 1301 381 1334 vero
396 1301 427 1334 cx
439 1285 497 1334 loco
509 1283 643 1348 superiore
658 1282 684 1332 in
698 1271 773 1333 avers
775 1299 804 1332 os
818 1284 871 1333 tela
886 1282 1009 1334 coniicia-

44 1353 129 1404 bant:
149 1357 203 1402 tum
217 1369 316 1420 macno
327 1353 405 1403 erat
397 1371 422 1402 ιιι
435 1352 550 1418 periculo
561 1370 610 1403 res
632 1350 852 1417 Relinquebatur,
870 1357 912 1414 ut,
926 1367 1009 1434 quum

46 1421 184 1472 eiusmodi
199 1422 262 1474 lacis
278 1428 343 1472 essct
362 1423 613 1487 adpropinquatum,
630 1421 798 1487 legionum
777 1439 853 1488 signa
868 1422 1008 1472 consistere

46 1490 174 1542 iuberent
184 1507 332 1556 nraguoque
343 1490 430 1556 inpetu
442 1491 585 1556 equitatum
596 1492 763 1555 repellerent3
777 1508 808 1541 co
819 1492 954 1555 submoto,
965 1507 1009 1541 re·

47 1564 129 1625 pente
143 1558 244 1610 incitati
262 1577 338 1610 cursu
354 1577 410 1610 sese
424 1559 450 1610 in
464 1560 542 1611 vallis
556 1559 671 1610 universi
684 1560 849 1610 demitterent
860 1567 951 1625 ιιιιιιιο,
969 1559 1009 1611 ita

47 1635 146 1696 transg
125 1629 224 1690 cressi,
241 1645 331 1680 rursus
345 1627 372 1679 in
394 1629 457 1680 locis
472 1628 649 1694 superioribus
662 1629 836 1679 consisterent
871 1629 940 1680 Nara
950 1635 1008 1679 tan-

50 1703 108 1748 tum
121 1698 156 1748 ab
172 1697 289 1764 equitum
301 1714 408 1748 suorum
422 1697 527 1748 auxiliis
543 1698 665 1759 aberant,
682 1713 793 1763 qnorum
807 1713 945 1748 numerum
957 1697 1007 1747 lra-

49 1766 152 1818 bcbant
171 1783 311 1834 magnoni,
335 1772 364 1818 ut
383 1782 440 1829 cos,
464 1766 641 1832 superioribus
664 1766 812 1831 perterritos
833 1765 988 1830 proeliis,
979 1782 1007 1816 ιιι

50 1835 171 1886 medium
187 1805 330 1902 recipcreiit
346 1851 442 1901 agmen
459 1838 578 1916 ultroque
590 1852 635 1886 eos
648 1839 795 1886 tuerentur·
813 1851 924 1898 qnorum
939 1833 1008 1884 nulli

49 1922 82 1955 ex
101 1904 198 1956 itinere
218 1907 341 1956 excedere
363 1906 475 1967 licebat,
492 1904 554 1972 quin
574 1905 609 1954 ab
628 1903 745 1970 equitatu
766 1902 885 1953 Caesaris
905 1901 1007 1969 excipe

49 1981 152 2025 retitur.

120 2041 166 2095 Sc
184 2042 246 2094 Tali
263 2042 325 2094 dum
345 2045 477 2124 pugnatur
491 2040 587 2103 modo,
604 2041 674 2091 lente
692 2043 770 2105 atque
788 2038 926 2105 paullatim
945 2056 1007 2106 pro-

51 2110 156 2162 ceditur
175 2113 334 2178 crebroque,
353 2120 381 2163 ut
402 2111 452 2162 sint
469 2110 568 2163 anxilio
583 2109 651 2172 suis,
668 2108 824 2159 susbsistunt:
842 2115 882 2160 ut
890 2116 946 2160 tum
961 2125 1007 2159 ac·

50 2180 125 2232 cidit,
160 2181 240 2232 Milia
252 2181 321 2232 eninr
337 2180 467 2248 progressi
480 2185 604 2246 quatuor,
623 2178 853 2243 vehementiusque
866 2177 1007 2247 peragitati

51 2251 86 2301 ab
99 2247 232 2315 equitatu,
248 2258 364 2301 montera
380 2251 510 2300 excelsum
527 2249 633 2314 capiunt
648 2247 736 2313 ibique
754 2263 806 2298 nno
820 2247 904 2299 bontc
916 2253 1007 2299 contra

50 2319 157 2368 hostem
176 2325 263 2370 castra
284 2319 419 2380 muniunt,
445 2336 527 2386 neque
545 2317 666 2368 iumentis
683 2333 763 2367 onera
784 2317 920 2381 deponunt
953 2315 1008 2368 bbi
1050 2362 1054 2368 .

51 2381 174 2438 Caesaris
185 2395 269 2438 castra
278 2407 325 2454 pos
315 2389 364 2439 ita
375 2387 594 2468 tabernaculaque
605 2387 756 2447 constituta,
768 2392 794 2437 ct
803 2385 922 2438 dimissos
933 2384 1006 2450 equi-

51 2463 91 2506 tcs
106 2455 252 2522 pabulandi
266 2473 356 2507 catrssa
369 2455 484 2507 antimum
499 2457 679 2519 aduerterunt,
698 2471 737 2504 scs
739 2455 847 2506 esabito
861 2454 1006 2521 proripiunt

51 2525 121 2575 hora
133 2524 238 2576 circiter
250 2533 322 2576 sexta
338 2525 451 2577 eiusdem
468 2525 520 2576 diei
536 2531 576 2586 ct,
588 2541 665 2607 spem
681 2524 871 2586 nasamonas,
893 2524 1006 2574 discessu

51 2600 203 2646 nostrornm
223 2595 424 2660 equitun1‚itcr
444 2595 531 2645 lacere
543 2593 676 2658 incipiunt
711 2594 770 2658 Qua
785 2611 815 2644 ιο
830 2593 946 2642 animum
958 2592 1006 2642 ad-

51 2679 148 2725 uersa,
166 2663 263 2718 Cacsar
285 2663 382 2715 relictis
398 2662 546 2730 legionibus
561 2662 742 2727 subsequitur,
760 2661 888 2726 pracsidio
904 2660 1005 2725 inpedi-

50 2731 148 2782 mentis
160 2719 256 2798 paneis
271 2731 385 2784 cohortis
398 2732 536 2798 relinquit.
552 2732 621 2784 hora
636 2731 738 2782 decima
760 2731 880 2810 subsequi
895 2731 1005 2812 pabula-

51 2807 140 2863 tores,
157 2800 306 2883 equitesque
325 2801 443 2853 revocari
463 2802 543 2852 iubet,
578 2799 704 2852 Celeriter
725 2799 855 2865 equitatus
873 2800 1005 2882 adquoti-

51 2841 186 2920 diauuin
178 2870 278 2922 itineris
293 2871 410 2923 ollicium
426 2871 577 2922 revertitur:
594 2877 726 2937 pugnatur
740 2868 837 2920 acriter
848 2869 881 2918 ad
894 2867 1005 2919 novissi-

50 2955 128 2989 mum
148 2954 259 3006 agmen,
277 2940 358 3002 adeo,
376 2945 405 2990 nt
425 2956 504 3005 paene
525 2945 628 3004 terga
625 2943 790 2989 convertant:
809 2938 1006 3003 compluresque

50 3007 161 3070 milites,
173 3007 253 3058 etiam
263 2979 379 3060 nonunili
392 3009 558 3060 Centuriones
570 2997 767 3060 interficiuntur
783 3002 901 3059 Instabat
909 3023 1005 3076 agmen

52 3047 176 3128 Caesaris
187 3083 265 3141 atquc
277 3078 426 3130 uniuersum
439 3077 589 3130 inminebat.

123 3143 167 3196 81.
185 3147 256 3197 Tum
266 3163 328 3197 iero
339 3163 422 3212 neque
434 3148 466 3197 ad
479 3147 665 3212 explorandum
675 3146 797 3197 idoneum
807 3144 895 3195 locum
905 3142 1005 3207 castris,

52 3229 138 3279 neque
153 3215 186 3265 od
205 3215 423 3282 progrediendum
437 3217 498 3266 data
510 3216 649 3278 facultate,
665 3214 807 3266 consistunt
820 3213 964 3265 necessario
979 3217 1005 3263 et

52 3283 193 3350 proculab
206 3300 290 3350 aqua
310 3284 547 3349 etuaturautquo
562 3284 637 3344 loco,
656 3289 857 3349 castrapounut
891 3281 1005 3332 8οι1”ιιι-
1045 3338 1049 3342 ,
1077 3333 1081 3344 ,

54 3353 115 3402 dem
134 3352 166 3401 de
184 3353 280 3404 caussis
296 3354 405 3415 Οιιιιιιι,
424 3369 490 3418 quac
510 3367 590 3416 snpra
606 3358 664 3405 sicut
682 3353 887 3412 dmonstratae,
904 3349 1005 3416 proelio

53 3420 169 3488 amplius
182 3439 233 3474 nou
252 3422 355 3475 lacessit
368 3427 394 3474 ct
409 3438 440 3473 eo
455 3421 497 3473 die
509 3422 678 3474 tabernacula
688 3420 767 3474 statui
786 3437 877 3488 passas
889 3436 942 3471 ιιοιι
956 3421 1005 3479 cst,
