<?xml version="1.0" encoding="UTF-8"?>
<!DOCTYPE html PUBLIC "-//W3C//DTD XHTML 1.0 Transitional//EN"
    "http://www.w3.org/TR/xhtml1/DTD/xhtml1-transitional.dtd">
<html xmlns="http://www.w3.org/1999/xhtml" xml:lang="en" lang="en">
 <head>
  <title>
</title>
<meta http-equiv="Content-Type" content="text/html;charset=utf-8" />
  <meta name='ocr-system' content='tesseract 3.04.00' />
  <meta name='ocr-capabilities' content='ocr_page ocr_carea ocr_par ocr_line ocrx_word'/>
</head>
<body>
  <div class='ocr_page' id='page_1' title='image "./cjuliicaesarisc04caesgoog_0119.png"; bbox 0 0 2317 3809; ppageno 0'>
   <div class='ocr_carea' id='block_1_1' title="bbox 325 228 1011 305">
    <p class='ocr_par' dir='ltr' id='par_1_1' title="bbox 325 228 1011 305">
     <span class='ocr_line' id='line_1_1' title="bbox 325 228 1011 305; baseline 0.001 -1"><span class='ocrx_word' id='word_1_1' title='bbox 325 232 407 305; x_wconf 83' lang='lat' dir='ltr'><strong><em>&#39;mn</em></strong></span> <span class='ocrx_word' id='word_1_2' title='bbox 425 250 481 305; x_wconf 86' lang='lat' dir='ltr'><strong><em>m.</em></strong></span> <span class='ocrx_word' id='word_1_3' title='bbox 500 250 585 305; x_wconf 77' lang='lat' dir='ltr'><strong><em>cnr.</em></strong></span> <span class='ocrx_word' id='word_1_4' title='bbox 603 228 715 303; x_wconf 73' lang='lat' dir='ltr'><strong><em>‘12-1o.</em></strong></span> <span class='ocrx_word' id='word_1_5' title='bbox 969 244 1011 305; x_wconf 85' lang='lat'><strong><em>99</em></strong></span> 
     </span>
    </p>
   </div>
   <div class='ocr_carea' id='block_1_2' title="bbox 53 374 1011 460">
    <p class='ocr_par' dir='ltr' id='par_1_2' title="bbox 53 374 1011 460">
     <span class='ocr_line' id='line_1_2' title="bbox 53 374 1011 460; baseline 0 -17"><span class='ocrx_word' id='word_1_6' title='bbox 53 392 170 458; x_wconf 86' lang='lat' dir='ltr'><strong><em>tnrignnr</em></strong></span> <span class='ocrx_word' id='word_1_7' title='bbox 185 397 262 458; x_wconf 84' lang='lat' dir='ltr'><strong><em>atquc</em></strong></span> <span class='ocrx_word' id='word_1_8' title='bbox 279 389 340 460; x_wconf 82' lang='lat' dir='ltr'><strong><em>agri</em></strong></span> <span class='ocrx_word' id='word_1_9' title='bbox 351 389 515 443; x_wconf 83' lang='lat' dir='ltr'><strong><em>fertilissima</em></strong></span> <span class='ocrx_word' id='word_1_10' title='bbox 525 390 651 458; x_wconf 78' lang='lat' dir='ltr'>regione,</span> <span class='ocrx_word' id='word_1_11' title='bbox 667 390 799 455; x_wconf 83' lang='lat' dir='ltr'><strong><em>proiectus</em></strong></span> <span class='ocrx_word' id='word_1_12' title='bbox 814 394 868 453; x_wconf 79' lang='lat' dir='ltr'><strong><em>est3</em></strong></span> <span class='ocrx_word' id='word_1_13' title='bbox 885 374 962 457; x_wconf 84' lang='lat' dir='ltr'><strong><em>qnod,</em></strong></span> <span class='ocrx_word' id='word_1_14' title='bbox 980 408 1011 443; x_wconf 84' lang='lat' dir='ltr'><strong><em>ea</em></strong></span> 
     </span>
    </p>
   </div>
   <div class='ocr_carea' id='block_1_3' title="bbox 48 458 1065 3621">
    <p class='ocr_par' dir='ltr' id='par_1_3' title="bbox 52 458 1011 583">
     <span class='ocr_line' id='line_1_3' title="bbox 52 458 1011 583; baseline 0.002 -71"><span class='ocrx_word' id='word_1_15' title='bbox 52 461 144 583; x_wconf 61' lang='lat' dir='ltr'><strong><em>upbbdo</em></strong></span> <span class='ocrx_word' id='word_1_16' title='bbox 150 468 273 581; x_wconf 65' lang='lat' dir='ltr'><strong><em>lpecepto,</em></strong></span> <span class='ocrx_word' id='word_1_17' title='bbox 291 460 425 513; x_wconf 86' lang='lat' dir='ltr'><strong><em>civitatem</em></strong></span> <span class='ocrx_word' id='word_1_18' title='bbox 438 459 592 529; x_wconf 83' lang='lat' dir='ltr'>Biturigum</span> <span class='ocrx_word' id='word_1_19' title='bbox 603 477 631 513; x_wconf 87' lang='lat' dir='ltr'><strong><em>se</em></strong></span> <span class='ocrx_word' id='word_1_20' title='bbox 642 459 669 511; x_wconf 86' lang='lat' dir='ltr'><strong><em>in</em></strong></span> <span class='ocrx_word' id='word_1_21' title='bbox 684 464 839 526; x_wconf 85' lang='lat' dir='ltr'><strong><em>potestatem</em></strong></span> <span class='ocrx_word' id='word_1_22' title='bbox 846 458 1011 514; x_wconf 75' lang='lat' dir='ltr'><strong><em>redacturum</em></strong></span> 
     </span>
     <span class='ocr_line' id='line_1_4' title="bbox 52 532 206 582; baseline 0 0"><span class='ocrx_word' id='word_1_23' title='bbox 52 548 79 582; x_wconf 87' lang='lat' dir='ltr'><strong><em>aa</em></strong></span> <span class='ocrx_word' id='word_1_24' title='bbox 117 532 150 581; x_wconf 88' lang='lat' dir='ltr'><strong><em>de</em></strong></span> <span class='ocrx_word' id='word_1_25' title='bbox 172 535 206 582; x_wconf 86' lang='lat' dir='ltr'><strong><em>at.</em></strong></span> 
     </span>
    </p>

    <p class='ocr_par' dir='ltr' id='par_1_4' title="bbox 48 596 1065 2103">
     <span class='ocr_line' id='line_1_5' title="bbox 120 596 1012 667; baseline -0.002 -18"><span class='ocrx_word' id='word_1_26' title='bbox 120 598 166 650; x_wconf 78' lang='lat'><strong><em>14.</em></strong></span> <span class='ocrx_word' id='word_1_27' title='bbox 189 597 403 667; x_wconf 75' lang='lat' dir='ltr'>Vercingetorix,</span> <span class='ocrx_word' id='word_1_28' title='bbox 427 600 466 650; x_wconf 82' lang='lat' dir='ltr'><strong><em>tot</em></strong></span> <span class='ocrx_word' id='word_1_29' title='bbox 485 596 615 651; x_wconf 73' lang='lat' dir='ltr'><strong>continuis</strong></span> <span class='ocrx_word' id='word_1_30' title='bbox 627 596 798 649; x_wconf 87' lang='lat' dir='ltr'><strong><em>incommodis</em></strong></span> <span class='ocrx_word' id='word_1_31' title='bbox 812 596 1012 661; x_wconf 86' lang='lat' dir='ltr'><strong><em>Vellaunoduni,</em></strong></span> 
     </span>
     <span class='ocr_line' id='line_1_6' title="bbox 54 666 1012 735; baseline -0.002 -15"><span class='ocrx_word' id='word_1_32' title='bbox 54 668 165 732; x_wconf 82' lang='lat' dir='ltr'><strong><em>Gcnuhi,</em></strong></span> <span class='ocrx_word' id='word_1_33' title='bbox 182 667 330 719; x_wconf 76' lang='lat' dir='ltr'><strong><em>Novioduni</em></strong></span> <span class='ocrx_word' id='word_1_34' title='bbox 342 666 461 735; x_wconf 83' lang='lat' dir='ltr'><strong><em>acceptis,</em></strong></span> <span class='ocrx_word' id='word_1_35' title='bbox 480 682 539 719; x_wconf 86' lang='lat' dir='ltr'><strong><em>suos</em></strong></span> <span class='ocrx_word' id='word_1_36' title='bbox 553 668 587 718; x_wconf 84' lang='lat' dir='ltr'><strong><em>ad</em></strong></span> <span class='ocrx_word' id='word_1_37' title='bbox 602 666 886 719; x_wconf 74' lang='lat' dir='ltr'><strong><em>conciliumcauvoeut.</em></strong></span> <span class='ocrx_word' id='word_1_38' title='bbox 921 666 1012 728; x_wconf 84' lang='lat' dir='ltr'><strong><em>Docet,</em></strong></span> 
     </span>
     <span class='ocr_line' id='line_1_7' title="bbox 52 736 1010 805; baseline -0.003 -17"><span class='ocrx_word' id='word_1_39' title='bbox 52 740 128 805; x_wconf 82' lang='lat' dir='ltr'><strong><em>longe</em></strong></span> <span class='ocrx_word' id='word_1_40' title='bbox 142 738 198 789; x_wconf 86' lang='lat' dir='ltr'><strong><em>alia</em></strong></span> <span class='ocrx_word' id='word_1_41' title='bbox 214 738 315 788; x_wconf 89' lang='lat' dir='ltr'><strong><em>ratione</em></strong></span> <span class='ocrx_word' id='word_1_42' title='bbox 332 754 386 788; x_wconf 88' lang='lat' dir='ltr'><strong><em>esse</em></strong></span> <span class='ocrx_word' id='word_1_43' title='bbox 399 738 491 789; x_wconf 88' lang='lat' dir='ltr'><strong><em>bellum</em></strong></span> <span class='ocrx_word' id='word_1_44' title='bbox 503 737 743 805; x_wconf 60' lang='lat' dir='ltr'><strong><em>gerendorumque</em></strong></span> <span class='ocrx_word' id='word_1_45' title='bbox 757 742 836 786; x_wconf 83' lang='lat' dir='ltr'><strong><em>autea</em></strong></span> <span class='ocrx_word' id='word_1_46' title='bbox 847 736 881 785; x_wconf 88' lang='lat' dir='ltr'><strong><em>sit</em></strong></span> <span class='ocrx_word' id='word_1_47' title='bbox 893 743 1010 802; x_wconf 82' lang='lat' dir='ltr'><strong><em>gestum:</em></strong></span> 
     </span>
     <span class='ocr_line' id='line_1_8' title="bbox 52 806 1013 875; baseline -0.002 -18"><span class='ocrx_word' id='word_1_48' title='bbox 52 808 169 858; x_wconf 86' lang='lat' dir='ltr'><strong><em>amnibus</em></strong></span> <span class='ocrx_word' id='word_1_49' title='bbox 190 807 273 857; x_wconf 79' lang='lat' dir='ltr'><strong><em>modis</em></strong></span> <span class='ocrx_word' id='word_1_50' title='bbox 290 806 348 856; x_wconf 77' lang='lat' dir='ltr'><strong><em>liuic</em></strong></span> <span class='ocrx_word' id='word_1_51' title='bbox 366 807 405 857; x_wconf 85' lang='lat' dir='ltr'><strong><em>rei</em></strong></span> <span class='ocrx_word' id='word_1_52' title='bbox 414 806 585 869; x_wconf 86' lang='lat' dir='ltr'><strong><em>studendum,</em></strong></span> <span class='ocrx_word' id='word_1_53' title='bbox 602 813 633 857; x_wconf 87' lang='lat' dir='ltr'><strong><em>at</em></strong></span> <span class='ocrx_word' id='word_1_54' title='bbox 642 806 813 875; x_wconf 69' lang='lat' dir='ltr'><strong><em>pabulatione</em></strong></span> <span class='ocrx_word' id='word_1_55' title='bbox 832 811 856 856; x_wconf 90' lang='lat' dir='ltr'><strong><em>et</em></strong></span> <span class='ocrx_word' id='word_1_56' title='bbox 869 812 1013 855; x_wconf 79' lang='lat' dir='ltr'><strong><em>commeatu</em></strong></span> 
     </span>
     <span class='ocr_line' id='line_1_9' title="bbox 53 872 1065 943; baseline -0.001 -17"><span class='ocrx_word' id='word_1_57' title='bbox 53 876 168 927; x_wconf 85' lang='lat' dir='ltr'><strong><em>Romani</em></strong></span> <span class='ocrx_word' id='word_1_58' title='bbox 185 872 387 943; x_wconf 70' lang='lat' dir='ltr'><strong><em>prohibeantur:</em></strong></span> <span class='ocrx_word' id='word_1_59' title='bbox 409 876 438 927; x_wconf 86' lang='lat' dir='ltr'><strong><em>id</em></strong></span> <span class='ocrx_word' id='word_1_60' title='bbox 458 892 512 925; x_wconf 87' lang='lat' dir='ltr'><strong><em>esse</em></strong></span> <span class='ocrx_word' id='word_1_61' title='bbox 527 876 627 941; x_wconf 82' lang='lat' dir='ltr'><strong><em>facile,</em></strong></span> <span class='ocrx_word' id='word_1_62' title='bbox 648 876 716 942; x_wconf 79' lang='lat' dir='ltr'><strong><em>qaod</em></strong></span> <span class='ocrx_word' id='word_1_63' title='bbox 730 874 847 941; x_wconf 81' lang='lat' dir='ltr'><strong><em>equitatu</em></strong></span> <span class='ocrx_word' id='word_1_64' title='bbox 862 872 912 938; x_wconf 85' lang='lat' dir='ltr'><strong><em>ipsi</em></strong></span> <span class='ocrx_word' id='word_1_65' title='bbox 929 875 1012 925; x_wconf 84' lang='lat' dir='ltr'><strong><em>abun-</em></strong></span> <span class='ocrx_word' id='word_1_66' title='bbox 1061 901 1065 905; x_wconf 25' lang='grc' dir='ltr'><em>Α</em></span> 
     </span>
     <span class='ocr_line' id='line_1_10' title="bbox 51 943 1012 1011; baseline -0.002 -16"><span class='ocrx_word' id='word_1_67' title='bbox 51 945 153 1008; x_wconf 86' lang='lat' dir='ltr'><strong><em>dent,et</em></strong></span> <span class='ocrx_word' id='word_1_68' title='bbox 166 945 234 1011; x_wconf 82' lang='lat' dir='ltr'><strong><em>quad</em></strong></span> <span class='ocrx_word' id='word_1_69' title='bbox 253 945 317 997; x_wconf 89' lang='lat' dir='ltr'><strong><em>anni</em></strong></span> <span class='ocrx_word' id='word_1_70' title='bbox 332 952 444 1010; x_wconf 84' lang='lat' dir='ltr'><strong><em>tempore</em></strong></span> <span class='ocrx_word' id='word_1_71' title='bbox 458 944 636 995; x_wconf 79' lang='lat' dir='ltr'><strong><em>subleventur:</em></strong></span> <span class='ocrx_word' id='word_1_72' title='bbox 651 944 776 1010; x_wconf 89' lang='lat' dir='ltr'><strong><em>pabulum</em></strong></span> <span class='ocrx_word' id='word_1_73' title='bbox 789 943 873 993; x_wconf 87' lang='lat' dir='ltr'><strong><em>secari</em></strong></span> <span class='ocrx_word' id='word_1_74' title='bbox 886 959 937 992; x_wconf 82' lang='lat' dir='ltr'><strong><em>non</em></strong></span> <span class='ocrx_word' id='word_1_75' title='bbox 950 958 1012 1009; x_wconf 83' lang='lat' dir='ltr'><strong><em>pos-</em></strong></span> 
     </span>
     <span class='ocr_line' id='line_1_11' title="bbox 49 1011 1011 1079; baseline -0.003 -16"><span class='ocrx_word' id='word_1_76' title='bbox 49 1030 90 1063; x_wconf 79' lang='lat' dir='ltr'><strong><em>se.-</em></strong></span> <span class='ocrx_word' id='word_1_77' title='bbox 104 1014 249 1065; x_wconf 87' lang='lat' dir='ltr'><strong><em>nccessario</em></strong></span> <span class='ocrx_word' id='word_1_78' title='bbox 262 1014 386 1079; x_wconf 84' lang='lat' dir='ltr'><strong><em>dispersas</em></strong></span> <span class='ocrx_word' id='word_1_79' title='bbox 399 1013 483 1063; x_wconf 76' lang='lat' dir='ltr'><strong><em>bootes</em></strong></span> <span class='ocrx_word' id='word_1_80' title='bbox 494 1030 524 1063; x_wconf 85' lang='lat' dir='ltr'><strong><em>er</em></strong></span> <span class='ocrx_word' id='word_1_81' title='bbox 539 1012 664 1079; x_wconf 85' lang='lat' dir='ltr'><strong><em>aedificiis</em></strong></span> <span class='ocrx_word' id='word_1_82' title='bbox 673 1020 777 1079; x_wconf 86' lang='lat' dir='ltr'><strong><em>petere:</em></strong></span> <span class='ocrx_word' id='word_1_83' title='bbox 795 1011 840 1063; x_wconf 86' lang='lat' dir='ltr'><strong><em>boa</em></strong></span> <span class='ocrx_word' id='word_1_84' title='bbox 851 1028 937 1061; x_wconf 81' lang='lat' dir='ltr'><strong><em>omnes</em></strong></span> <span class='ocrx_word' id='word_1_85' title='bbox 949 1026 1011 1078; x_wconf 82' lang='lat' dir='ltr'><strong><em>puo-</em></strong></span> 
     </span>
     <span class='ocr_line' id='line_1_12' title="bbox 50 1081 1011 1149; baseline -0.002 -16"><span class='ocrx_word' id='word_1_86' title='bbox 50 1083 112 1133; x_wconf 86' lang='lat' dir='ltr'><strong><em>tidie</em></strong></span> <span class='ocrx_word' id='word_1_87' title='bbox 133 1083 168 1133; x_wconf 87' lang='lat' dir='ltr'><strong><em>ab</em></strong></span> <span class='ocrx_word' id='word_1_88' title='bbox 191 1082 318 1149; x_wconf 82' lang='lat' dir='ltr'><strong><em>equitibus</em></strong></span> <span class='ocrx_word' id='word_1_89' title='bbox 342 1082 424 1132; x_wconf 86' lang='lat' dir='ltr'><strong><em>deleri</em></strong></span> <span class='ocrx_word' id='word_1_90' title='bbox 434 1098 518 1149; x_wconf 84' lang='lat' dir='ltr'><strong><em>passe.</em></strong></span> <span class='ocrx_word' id='word_1_91' title='bbox 553 1082 696 1133; x_wconf 87' lang='lat' dir='ltr'><strong><em>Praeterea</em></strong></span> <span class='ocrx_word' id='word_1_92' title='bbox 707 1081 799 1133; x_wconf 83' lang='lat' dir='ltr'><strong><em>salutis</em></strong></span> <span class='ocrx_word' id='word_1_93' title='bbox 813 1096 905 1131; x_wconf 79' lang='lat' dir='ltr'><strong><em>caussa</em></strong></span> <span class='ocrx_word' id='word_1_94' title='bbox 915 1082 954 1131; x_wconf 88' lang='lat' dir='ltr'><strong><em>rei</em></strong></span> <span class='ocrx_word' id='word_1_95' title='bbox 961 1082 1011 1145; x_wconf 87' lang='lat' dir='ltr'><strong><em>sa—</em></strong></span> 
     </span>
     <span class='ocr_line' id='line_1_13' title="bbox 49 1148 1010 1218; baseline -0.002 -17"><span class='ocrx_word' id='word_1_96' title='bbox 49 1152 158 1202; x_wconf 88' lang='lat' dir='ltr'><strong><em>miliaris</em></strong></span> <span class='ocrx_word' id='word_1_97' title='bbox 171 1151 299 1202; x_wconf 87' lang='lat' dir='ltr'><strong><em>commoda</em></strong></span> <span class='ocrx_word' id='word_1_98' title='bbox 313 1150 474 1218; x_wconf 78' lang='lat' dir='ltr'><strong><em>negligenda</em></strong></span> <span class='ocrx_word' id='word_1_99' title='bbox 482 1168 493 1211; x_wconf 90' lang='lat'><strong><em>,·</em></strong></span> <span class='ocrx_word' id='word_1_100' title='bbox 509 1150 577 1201; x_wconf 84' lang='lat' dir='ltr'><strong><em>vicos</em></strong></span> <span class='ocrx_word' id='word_1_101' title='bbox 591 1159 669 1218; x_wconf 77' lang='lat' dir='ltr'><strong><em>atque</em></strong></span> <span class='ocrx_word' id='word_1_102' title='bbox 681 1148 802 1216; x_wconf 79' lang='lat' dir='ltr'><strong><em>aedificia</em></strong></span> <span class='ocrx_word' id='word_1_103' title='bbox 817 1149 920 1201; x_wconf 85' lang='lat' dir='ltr'><strong><em>incendi</em></strong></span> <span class='ocrx_word' id='word_1_104' title='bbox 934 1162 1010 1216; x_wconf 84' lang='lat' dir='ltr'><strong><em>opor-</em></strong></span> 
     </span>
     <span class='ocr_line' id='line_1_14' title="bbox 49 1219 1011 1287; baseline -0.002 -16"><span class='ocrx_word' id='word_1_105' title='bbox 49 1228 102 1271; x_wconf 88' lang='lat' dir='ltr'><strong><em>tere</em></strong></span> <span class='ocrx_word' id='word_1_106' title='bbox 122 1220 173 1281; x_wconf 81' lang='lat' dir='ltr'><strong><em>bac</em></strong></span> <span class='ocrx_word' id='word_1_107' title='bbox 191 1220 290 1287; x_wconf 86' lang='lat' dir='ltr'><strong><em>spatio,</em></strong></span> <span class='ocrx_word' id='word_1_108' title='bbox 315 1236 332 1270; x_wconf 88' lang='lat' dir='ltr'><strong><em>a</em></strong></span> <span class='ocrx_word' id='word_1_109' title='bbox 352 1220 419 1270; x_wconf 86' lang='lat' dir='ltr'><strong><em>Boia</em></strong></span> <span class='ocrx_word' id='word_1_110' title='bbox 442 1236 539 1287; x_wconf 82' lang='lat' dir='ltr'><strong><em>quoquo</em></strong></span> <span class='ocrx_word' id='word_1_111' title='bbox 558 1237 661 1281; x_wconf 85' lang='lat' dir='ltr'><strong><em>uersus,</em></strong></span> <span class='ocrx_word' id='word_1_112' title='bbox 691 1237 739 1287; x_wconf 80' lang='lat' dir='ltr'><strong><em>pao</em></strong></span> <span class='ocrx_word' id='word_1_113' title='bbox 754 1219 901 1286; x_wconf 78' lang='lat' dir='ltr'><strong><em>pabulandi</em></strong></span> <span class='ocrx_word' id='word_1_114' title='bbox 916 1235 1011 1269; x_wconf 81' lang='lat' dir='ltr'><strong><em>caussa</em></strong></span> 
     </span>
     <span class='ocr_line' id='line_1_15' title="bbox 49 1288 1010 1357; baseline -0.001 -18"><span class='ocrx_word' id='word_1_115' title='bbox 49 1290 121 1340; x_wconf 86' lang='lat' dir='ltr'><strong><em>adire</em></strong></span> <span class='ocrx_word' id='word_1_116' title='bbox 138 1306 217 1357; x_wconf 83' lang='lat' dir='ltr'><strong><em>passe</em></strong></span> <span class='ocrx_word' id='word_1_117' title='bbox 239 1290 386 1341; x_wconf 83' lang='lat' dir='ltr'><strong><em>videantur.</em></strong></span> <span class='ocrx_word' id='word_1_118' title='bbox 437 1288 540 1339; x_wconf 82' lang='lat' dir='ltr'><strong><em>Harum</em></strong></span> <span class='ocrx_word' id='word_1_119' title='bbox 560 1290 623 1355; x_wconf 81' lang='lat' dir='ltr'><strong><em>ipsis</em></strong></span> <span class='ocrx_word' id='word_1_120' title='bbox 642 1305 729 1339; x_wconf 87' lang='lat' dir='ltr'><strong><em>rerum</em></strong></span> <span class='ocrx_word' id='word_1_121' title='bbox 748 1288 849 1355; x_wconf 88' lang='lat' dir='ltr'><strong><em>copiam</em></strong></span> <span class='ocrx_word' id='word_1_122' title='bbox 868 1288 1010 1354; x_wconf 84' lang='lat' dir='ltr'><strong><em>subpetere,</em></strong></span> 
     </span>
     <span class='ocr_line' id='line_1_16' title="bbox 50 1356 1010 1427; baseline -0.002 -19"><span class='ocrx_word' id='word_1_123' title='bbox 50 1359 128 1425; x_wconf 81' lang='lat' dir='ltr'><strong><em>prod,</em></strong></span> <span class='ocrx_word' id='word_1_124' title='bbox 155 1362 262 1426; x_wconf 82' lang='lat' dir='ltr'><strong><em>quarum</em></strong></span> <span class='ocrx_word' id='word_1_125' title='bbox 275 1358 302 1409; x_wconf 88' lang='lat' dir='ltr'><strong><em>in</em></strong></span> <span class='ocrx_word' id='word_1_126' title='bbox 311 1358 410 1424; x_wconf 78' lang='lat' dir='ltr'><strong><em>finibus</em></strong></span> <span class='ocrx_word' id='word_1_127' title='bbox 423 1357 515 1409; x_wconf 88' lang='lat' dir='ltr'><strong><em>bellum</em></strong></span> <span class='ocrx_word' id='word_1_128' title='bbox 527 1365 652 1427; x_wconf 77' lang='lat' dir='ltr'><strong><em>geratur,</em></strong></span> <span class='ocrx_word' id='word_1_129' title='bbox 670 1374 758 1409; x_wconf 88' lang='lat' dir='ltr'><strong><em>earum</em></strong></span> <span class='ocrx_word' id='word_1_130' title='bbox 773 1356 862 1424; x_wconf 80' lang='lat' dir='ltr'><strong><em>apibus</em></strong></span> <span class='ocrx_word' id='word_1_131' title='bbox 876 1358 1010 1408; x_wconf 81' lang='lat' dir='ltr'><strong><em>subleven-</em></strong></span> 
     </span>
     <span class='ocr_line' id='line_1_17' title="bbox 49 1426 1010 1495; baseline -0.002 -18"><span class='ocrx_word' id='word_1_132' title='bbox 49 1434 106 1488; x_wconf 90' lang='lat' dir='ltr'><strong><em>tur,·</em></strong></span> <span class='ocrx_word' id='word_1_133' title='bbox 123 1428 258 1477; x_wconf 76' lang='lat' dir='ltr'><strong><em>Romanoa</em></strong></span> <span class='ocrx_word' id='word_1_134' title='bbox 270 1435 317 1478; x_wconf 88' lang='lat' dir='ltr'><strong><em>aut</em></strong></span> <span class='ocrx_word' id='word_1_135' title='bbox 328 1428 442 1494; x_wconf 84' lang='lat' dir='ltr'><strong><em>inopiam</em></strong></span> <span class='ocrx_word' id='word_1_136' title='bbox 455 1444 506 1477; x_wconf 87' lang='lat' dir='ltr'><strong><em>non</em></strong></span> <span class='ocrx_word' id='word_1_137' title='bbox 522 1427 636 1488; x_wconf 86' lang='lat' dir='ltr'><strong><em>laturos,</em></strong></span> <span class='ocrx_word' id='word_1_138' title='bbox 660 1434 815 1495; x_wconf 75' lang='lat' dir='ltr'><strong><em>submagna</em></strong></span> <span class='ocrx_word' id='word_1_139' title='bbox 827 1443 884 1477; x_wconf 90' lang='lat' dir='ltr'><strong><em>cum</em></strong></span> <span class='ocrx_word' id='word_1_140' title='bbox 894 1426 1010 1493; x_wconf 84' lang='lat' dir='ltr'><strong><em>periculo</em></strong></span> 
     </span>
     <span class='ocr_line' id='line_1_18' title="bbox 49 1496 1010 1564; baseline 0 -19"><span class='ocrx_word' id='word_1_141' title='bbox 49 1496 151 1563; x_wconf 77' lang='lat' dir='ltr'><strong><em>brugias</em></strong></span> <span class='ocrx_word' id='word_1_142' title='bbox 171 1498 204 1546; x_wconf 86' lang='lat' dir='ltr'><strong><em>ab</em></strong></span> <span class='ocrx_word' id='word_1_143' title='bbox 227 1496 319 1547; x_wconf 85' lang='lat' dir='ltr'><strong><em>castris</em></strong></span> <span class='ocrx_word' id='word_1_144' title='bbox 336 1512 530 1564; x_wconf 78' lang='lat' dir='ltr'><strong><em>progressuros:</em></strong></span> <span class='ocrx_word' id='word_1_145' title='bbox 547 1513 629 1563; x_wconf 79' lang='lat' dir='ltr'><strong><em>nepae</em></strong></span> <span class='ocrx_word' id='word_1_146' title='bbox 641 1496 777 1557; x_wconf 87' lang='lat' dir='ltr'><strong><em>interesse,</em></strong></span> <span class='ocrx_word' id='word_1_147' title='bbox 795 1496 894 1562; x_wconf 86' lang='lat' dir='ltr'><strong><em>ipsosne</em></strong></span> <span class='ocrx_word' id='word_1_148' title='bbox 910 1496 1010 1560; x_wconf 77' lang='lat' dir='ltr'><strong><em>interfi-</em></strong></span> 
     </span>
     <span class='ocr_line' id='line_1_19' title="bbox 49 1564 1008 1633; baseline -0.002 -18"><span class='ocrx_word' id='word_1_149' title='bbox 49 1566 117 1617; x_wconf 88' lang='lat' dir='ltr'><strong><em>ciant</em></strong></span> <span class='ocrx_word' id='word_1_150' title='bbox 132 1565 348 1631; x_wconf 86' lang='lat' dir='ltr'><strong><em>inpedimentisne</em></strong></span> <span class='ocrx_word' id='word_1_151' title='bbox 360 1573 471 1627; x_wconf 86' lang='lat' dir='ltr'><strong><em>eruant,</em></strong></span> <span class='ocrx_word' id='word_1_152' title='bbox 489 1566 580 1632; x_wconf 69' lang='lat' dir='ltr'><strong><em>quibua</em></strong></span> <span class='ocrx_word' id='word_1_153' title='bbox 591 1564 691 1615; x_wconf 85' lang='lat' dir='ltr'><strong><em>amissis</em></strong></span> <span class='ocrx_word' id='word_1_154' title='bbox 703 1564 796 1616; x_wconf 90' lang='lat' dir='ltr'><strong><em>bellum</em></strong></span> <span class='ocrx_word' id='word_1_155' title='bbox 808 1564 869 1633; x_wconf 82' lang='lat' dir='ltr'><strong><em>geri</em></strong></span> <span class='ocrx_word' id='word_1_156' title='bbox 882 1581 933 1615; x_wconf 86' lang='lat' dir='ltr'><strong><em>nan</em></strong></span> <span class='ocrx_word' id='word_1_157' title='bbox 947 1578 1008 1630; x_wconf 82' lang='lat' dir='ltr'><strong><em>pos·</em></strong></span> 
     </span>
     <span class='ocr_line' id='line_1_20' title="bbox 49 1633 1010 1701; baseline -0.001 -18"><span class='ocrx_word' id='word_1_158' title='bbox 49 1634 88 1684; x_wconf 89' lang='lat' dir='ltr'><strong><em>sit.</em></strong></span> <span class='ocrx_word' id='word_1_159' title='bbox 125 1634 270 1685; x_wconf 88' lang='lat' dir='ltr'><strong><em>Praeterea</em></strong></span> <span class='ocrx_word' id='word_1_160' title='bbox 292 1634 387 1701; x_wconf 88' lang='lat' dir='ltr'><strong><em>oppida</em></strong></span> <span class='ocrx_word' id='word_1_161' title='bbox 410 1633 513 1685; x_wconf 85' lang='lat' dir='ltr'><strong><em>incendi</em></strong></span> <span class='ocrx_word' id='word_1_162' title='bbox 533 1642 666 1700; x_wconf 80' lang='lat' dir='ltr'><strong><em>oportere,</em></strong></span> <span class='ocrx_word' id='word_1_163' title='bbox 683 1651 750 1701; x_wconf 83' lang='lat' dir='ltr'><strong><em>quae</em></strong></span> <span class='ocrx_word' id='word_1_164' title='bbox 764 1651 814 1683; x_wconf 86' lang='lat' dir='ltr'><strong><em>aon</em></strong></span> <span class='ocrx_word' id='word_1_165' title='bbox 829 1633 968 1684; x_wconf 88' lang='lat' dir='ltr'><strong><em>munitione</em></strong></span> <span class='ocrx_word' id='word_1_166' title='bbox 983 1637 1010 1682; x_wconf 87' lang='lat' dir='ltr'><strong><em>et</em></strong></span> 
     </span>
     <span class='ocr_line' id='line_1_21' title="bbox 49 1701 1009 1771; baseline -0.001 -19"><span class='ocrx_word' id='word_1_167' title='bbox 49 1702 95 1755; x_wconf 88' lang='lat' dir='ltr'><strong><em>ioci</em></strong></span> <span class='ocrx_word' id='word_1_168' title='bbox 115 1711 217 1755; x_wconf 85' lang='lat' dir='ltr'><strong><em>natura</em></strong></span> <span class='ocrx_word' id='word_1_169' title='bbox 236 1704 268 1753; x_wconf 93' lang='lat' dir='ltr'><strong><em>ab</em></strong></span> <span class='ocrx_word' id='word_1_170' title='bbox 290 1704 358 1753; x_wconf 89' lang='lat' dir='ltr'><strong><em>omni</em></strong></span> <span class='ocrx_word' id='word_1_171' title='bbox 373 1702 424 1754; x_wconf 86' lang='lat' dir='ltr'><strong><em>sint</em></strong></span> <span class='ocrx_word' id='word_1_172' title='bbox 445 1704 560 1771; x_wconf 87' lang='lat' dir='ltr'><strong><em>periculo</em></strong></span> <span class='ocrx_word' id='word_1_173' title='bbox 581 1710 659 1762; x_wconf 87' lang='lat' dir='ltr'><strong><em>tata‚·</em></strong></span> <span class='ocrx_word' id='word_1_174' title='bbox 675 1721 727 1753; x_wconf 87' lang='lat' dir='ltr'><strong><em>neu</em></strong></span> <span class='ocrx_word' id='word_1_175' title='bbox 739 1702 792 1752; x_wconf 85' lang='lat' dir='ltr'><strong><em>suis</em></strong></span> <span class='ocrx_word' id='word_1_176' title='bbox 804 1702 856 1753; x_wconf 89' lang='lat' dir='ltr'><strong><em>sint</em></strong></span> <span class='ocrx_word' id='word_1_177' title='bbox 870 1702 906 1752; x_wconf 89' lang='lat' dir='ltr'><strong><em>ad</em></strong></span> <span class='ocrx_word' id='word_1_178' title='bbox 918 1701 1009 1753; x_wconf 89' lang='lat' dir='ltr'><strong><em>detra-</em></strong></span> 
     </span>
     <span class='ocr_line' id='line_1_22' title="bbox 49 1770 1008 1840; baseline -0.002 -18"><span class='ocrx_word' id='word_1_179' title='bbox 49 1772 172 1832; x_wconf 83' lang='lat' dir='ltr'><strong><em>ctandam</em></strong></span> <span class='ocrx_word' id='word_1_180' title='bbox 186 1772 308 1823; x_wconf 86' lang='lat' dir='ltr'><strong><em>militiam</em></strong></span> <span class='ocrx_word' id='word_1_181' title='bbox 325 1773 500 1840; x_wconf 85' lang='lat' dir='ltr'><strong><em>receptacula,</em></strong></span> <span class='ocrx_word' id='word_1_182' title='bbox 517 1789 568 1823; x_wconf 89' lang='lat' dir='ltr'><strong><em>neu</em></strong></span> <span class='ocrx_word' id='word_1_183' title='bbox 579 1772 704 1823; x_wconf 86' lang='lat' dir='ltr'><strong><em>Romanis</em></strong></span> <span class='ocrx_word' id='word_1_184' title='bbox 714 1771 848 1837; x_wconf 83' lang='lat' dir='ltr'><strong><em>proposita</em></strong></span> <span class='ocrx_word' id='word_1_185' title='bbox 860 1770 896 1820; x_wconf 87' lang='lat' dir='ltr'><strong><em>ad</em></strong></span> <span class='ocrx_word' id='word_1_186' title='bbox 907 1771 1008 1836; x_wconf 86' lang='lat' dir='ltr'><strong><em>copiam</em></strong></span> 
     </span>
     <span class='ocr_line' id='line_1_23' title="bbox 49 1840 1009 1910; baseline 0 -21"><span class='ocrx_word' id='word_1_187' title='bbox 49 1848 204 1893; x_wconf 86' lang='lat' dir='ltr'><strong><em>commeatus</em></strong></span> <span class='ocrx_word' id='word_1_188' title='bbox 219 1841 398 1910; x_wconf 78' lang='lat' dir='ltr'><strong><em>praedamque</em></strong></span> <span class='ocrx_word' id='word_1_189' title='bbox 417 1840 565 1891; x_wconf 89' lang='lat' dir='ltr'><strong><em>tollendam.</em></strong></span> <span class='ocrx_word' id='word_1_190' title='bbox 608 1840 682 1890; x_wconf 88' lang='lat' dir='ltr'><strong><em>Hace</em></strong></span> <span class='ocrx_word' id='word_1_191' title='bbox 704 1842 727 1889; x_wconf 85' lang='lat' dir='ltr'><strong><em>si</em></strong></span> <span class='ocrx_word' id='word_1_192' title='bbox 740 1840 837 1907; x_wconf 82' lang='lat' dir='ltr'><strong><em>gracia</em></strong></span> <span class='ocrx_word' id='word_1_193' title='bbox 854 1846 901 1889; x_wconf 92' lang='lat' dir='ltr'><strong><em>aut</em></strong></span> <span class='ocrx_word' id='word_1_194' title='bbox 913 1840 1009 1894; x_wconf 87' lang='lat' dir='ltr'><strong><em>acerba</em></strong></span> 
     </span>
     <span class='ocr_line' id='line_1_24' title="bbox 48 1908 1007 1978; baseline 0.001 -21"><span class='ocrx_word' id='word_1_195' title='bbox 48 1910 201 1972; x_wconf 84' lang='lat' dir='ltr'><strong><em>uideantur,</em></strong></span> <span class='ocrx_word' id='word_1_196' title='bbox 225 1911 303 1961; x_wconf 90' lang='lat' dir='ltr'><strong><em>multo</em></strong></span> <span class='ocrx_word' id='word_1_197' title='bbox 322 1910 368 1959; x_wconf 82' lang='lat' dir='ltr'><strong><em>illa</em></strong></span> <span class='ocrx_word' id='word_1_198' title='bbox 387 1911 497 1978; x_wconf 82' lang='lat' dir='ltr'><strong><em>gravius</em></strong></span> <span class='ocrx_word' id='word_1_199' title='bbox 512 1908 651 1959; x_wconf 86' lang='lat' dir='ltr'><strong><em>aestimare</em></strong></span> <span class='ocrx_word' id='word_1_200' title='bbox 668 1908 776 1971; x_wconf 88' lang='lat' dir='ltr'><strong><em>debere,</em></strong></span> <span class='ocrx_word' id='word_1_201' title='bbox 797 1908 902 1968; x_wconf 88' lang='lat' dir='ltr'><strong><em>liberos,</em></strong></span> <span class='ocrx_word' id='word_1_202' title='bbox 920 1908 1007 1958; x_wconf 68' lang='lat' dir='ltr'><strong><em>coma</em></strong></span> 
     </span>
     <span class='ocr_line' id='line_1_25' title="bbox 49 1973 1007 2097; baseline -0.002 -68"><span class='ocrx_word' id='word_1_203' title='bbox 49 1994 93 2097; x_wconf 71' lang='lat' dir='ltr'><strong><em>ges</em></strong></span> <span class='ocrx_word' id='word_1_204' title='bbox 105 1980 134 2031; x_wconf 88' lang='lat' dir='ltr'><strong><em>in</em></strong></span> <span class='ocrx_word' id='word_1_205' title='bbox 156 1979 307 2033; x_wconf 85' lang='lat' dir='ltr'><strong><em>seruitutem</em></strong></span> <span class='ocrx_word' id='word_1_206' title='bbox 323 1980 455 2042; x_wconf 78' lang='lat' dir='ltr'><strong><em>abstrahi,</em></strong></span> <span class='ocrx_word' id='word_1_207' title='bbox 473 1979 541 2045; x_wconf 83' lang='lat' dir='ltr'><strong><em>ipsos</em></strong></span> <span class='ocrx_word' id='word_1_208' title='bbox 554 1975 664 2043; x_wconf 67' lang='lat' dir='ltr'><strong><em>interibi</em></strong></span> <span class='ocrx_word' id='word_1_209' title='bbox 669 1994 681 2038; x_wconf 71' lang='lat'><strong><em>‚-</em></strong></span> <span class='ocrx_word' id='word_1_210' title='bbox 696 1992 764 2045; x_wconf 74' lang='lat' dir='ltr'><strong><em>quac</em></strong></span> <span class='ocrx_word' id='word_1_211' title='bbox 778 1973 812 2026; x_wconf 87' lang='lat' dir='ltr'><strong><em>sit</em></strong></span> <span class='ocrx_word' id='word_1_212' title='bbox 823 1990 923 2026; x_wconf 87' lang='lat' dir='ltr'><strong><em>necesse</em></strong></span> <span class='ocrx_word' id='word_1_213' title='bbox 939 1976 1007 2027; x_wconf 89' lang='lat' dir='ltr'><strong><em>acci-</em></strong></span> 
     </span>
     <span class='ocr_line' id='line_1_26' title="bbox 67 2050 993 2103; baseline -0.003 -4"><span class='ocrx_word' id='word_1_214' title='bbox 67 2050 197 2100; x_wconf 86' lang='lat' dir='ltr'><strong><em>creaictis.</em></strong></span> <span class='ocrx_word' id='word_1_215' title='bbox 988 2098 993 2103; x_wconf 73' lang='grc'>,</span> 
     </span>
    </p>

    <p class='ocr_par' dir='ltr' id='par_1_5' title="bbox 50 2110 1009 3083">
     <span class='ocr_line' id='line_1_27' title="bbox 114 2110 1008 2179; baseline -0.006 -10"><span class='ocrx_word' id='word_1_216' title='bbox 114 2114 161 2169; x_wconf 83' lang='grc'><strong><em>15.</em></strong></span> <span class='ocrx_word' id='word_1_217' title='bbox 179 2114 303 2169; x_wconf 86' lang='lat' dir='ltr'><strong><em>Omnium</em></strong></span> <span class='ocrx_word' id='word_1_218' title='bbox 326 2131 451 2167; x_wconf 86' lang='lat' dir='ltr'><strong><em>consensu</em></strong></span> <span class='ocrx_word' id='word_1_219' title='bbox 468 2114 522 2169; x_wconf 84' lang='lat' dir='ltr'><strong><em>hac</em></strong></span> <span class='ocrx_word' id='word_1_220' title='bbox 539 2112 667 2165; x_wconf 85' lang='lat' dir='ltr'><strong><em>sententia</em></strong></span> <span class='ocrx_word' id='word_1_221' title='bbox 680 2112 809 2179; x_wconf 80' lang='lat' dir='ltr'><strong><em>probata,</em></strong></span> <span class='ocrx_word' id='word_1_222' title='bbox 824 2128 876 2164; x_wconf 88' lang='lat' dir='ltr'><strong><em>ano</em></strong></span> <span class='ocrx_word' id='word_1_223' title='bbox 894 2110 938 2164; x_wconf 85' lang='lat' dir='ltr'><strong><em>die</em></strong></span> <span class='ocrx_word' id='word_1_224' title='bbox 950 2128 1008 2164; x_wconf 86' lang='lat' dir='ltr'><strong><em>anr—</em></strong></span> 
     </span>
     <span class='ocr_line' id='line_1_28' title="bbox 50 2180 1008 2255; baseline -0.002 -20"><span class='ocrx_word' id='word_1_225' title='bbox 50 2184 114 2251; x_wconf 87' lang='lat' dir='ltr'><strong><em>plius</em></strong></span> <span class='ocrx_word' id='word_1_226' title='bbox 130 2187 184 2238; x_wconf 76' lang='lat' dir='ltr'><strong><em>XX</em></strong></span> <span class='ocrx_word' id='word_1_227' title='bbox 195 2187 273 2240; x_wconf 88' lang='lat' dir='ltr'><strong><em>nrbes</em></strong></span> <span class='ocrx_word' id='word_1_228' title='bbox 284 2184 437 2255; x_wconf 76' lang='lat' dir='ltr'><strong><em>Biturigum</em></strong></span> <span class='ocrx_word' id='word_1_229' title='bbox 448 2183 628 2235; x_wconf 88' lang='lat' dir='ltr'><strong><em>incenduntur.</em></strong></span> <span class='ocrx_word' id='word_1_230' title='bbox 662 2183 721 2234; x_wconf 84' lang='lat' dir='ltr'><strong><em>Hoc</em></strong></span> <span class='ocrx_word' id='word_1_231' title='bbox 734 2181 804 2234; x_wconf 86' lang='lat' dir='ltr'><strong><em>idem</em></strong></span> <span class='ocrx_word' id='word_1_232' title='bbox 814 2180 844 2233; x_wconf 85' lang='lat' dir='ltr'><strong><em>lit</em></strong></span> <span class='ocrx_word' id='word_1_233' title='bbox 856 2180 884 2233; x_wconf 85' lang='lat' dir='ltr'><strong><em>in</em></strong></span> <span class='ocrx_word' id='word_1_234' title='bbox 899 2180 1008 2247; x_wconf 79' lang='lat' dir='ltr'><strong><em>reliquis</em></strong></span> 
     </span>
     <span class='ocr_line' id='line_1_29' title="bbox 50 2250 1007 2320; baseline -0.002 -15"><span class='ocrx_word' id='word_1_235' title='bbox 50 2254 206 2308; x_wconf 78' lang='lat' dir='ltr'><strong><em>civitatibus.</em></strong></span> <span class='ocrx_word' id='word_1_236' title='bbox 247 2256 277 2306; x_wconf 89' lang='lat' dir='ltr'><strong><em>In</em></strong></span> <span class='ocrx_word' id='word_1_237' title='bbox 300 2252 419 2306; x_wconf 86' lang='lat' dir='ltr'><strong><em>omnibus</em></strong></span> <span class='ocrx_word' id='word_1_238' title='bbox 437 2253 556 2320; x_wconf 86' lang='lat' dir='ltr'><strong><em>partibas</em></strong></span> <span class='ocrx_word' id='word_1_239' title='bbox 577 2252 697 2304; x_wconf 86' lang='lat' dir='ltr'><strong><em>incendio</em></strong></span> <span class='ocrx_word' id='word_1_240' title='bbox 715 2250 922 2317; x_wconf 81' lang='lat' dir='ltr'><strong><em>conspiciuntur3</em></strong></span> <span class='ocrx_word' id='word_1_241' title='bbox 940 2266 1007 2317; x_wconf 81' lang='lat' dir='ltr'><strong><em>quac</em></strong></span> 
     </span>
     <span class='ocr_line' id='line_1_30' title="bbox 51 2318 1008 2393; baseline -0.003 -20"><span class='ocrx_word' id='word_1_242' title='bbox 51 2323 95 2374; x_wconf 79' lang='lat' dir='ltr'><strong><em>etsi</em></strong></span> <span class='ocrx_word' id='word_1_243' title='bbox 109 2340 210 2393; x_wconf 84' lang='lat' dir='ltr'><strong><em>magno</em></strong></span> <span class='ocrx_word' id='word_1_244' title='bbox 227 2341 287 2375; x_wconf 75' lang='lat' dir='ltr'><strong><em>crim</em></strong></span> <span class='ocrx_word' id='word_1_245' title='bbox 307 2324 399 2375; x_wconf 86' lang='lat' dir='ltr'><strong><em>dolore</em></strong></span> <span class='ocrx_word' id='word_1_246' title='bbox 417 2339 506 2373; x_wconf 89' lang='lat' dir='ltr'><strong><em>omncs</em></strong></span> <span class='ocrx_word' id='word_1_247' title='bbox 525 2321 658 2386; x_wconf 82' lang='lat' dir='ltr'><strong><em>ferebant,</em></strong></span> <span class='ocrx_word' id='word_1_248' title='bbox 684 2326 770 2372; x_wconf 86' lang='lat' dir='ltr'><strong><em>tumen</em></strong></span> <span class='ocrx_word' id='word_1_249' title='bbox 791 2320 842 2371; x_wconf 88' lang='lat' dir='ltr'><strong><em>hoc</em></strong></span> <span class='ocrx_word' id='word_1_250' title='bbox 856 2319 906 2371; x_wconf 85' lang='lat' dir='ltr'><strong><em>sibi</em></strong></span> <span class='ocrx_word' id='word_1_251' title='bbox 919 2318 1008 2371; x_wconf 81' lang='lat' dir='ltr'><strong><em>salutii</em></strong></span> 
     </span>
     <span class='ocr_line' id='line_1_31' title="bbox 50 2388 1009 2460; baseline -0.004 -18"><span class='ocrx_word' id='word_1_252' title='bbox 50 2394 239 2460; x_wconf 87' lang='lat' dir='ltr'><strong><em>proponebant,</em></strong></span> <span class='ocrx_word' id='word_1_253' title='bbox 259 2392 363 2459; x_wconf 89' lang='lat' dir='ltr'><strong><em>[quod,]</em></strong></span> <span class='ocrx_word' id='word_1_254' title='bbox 383 2393 517 2459; x_wconf 84' lang='lat' dir='ltr'><strong><em>explorata</em></strong></span> <span class='ocrx_word' id='word_1_255' title='bbox 532 2390 655 2454; x_wconf 82' lang='lat' dir='ltr'><strong><em>victorin,</em></strong></span> <span class='ocrx_word' id='word_1_256' title='bbox 672 2388 897 2441; x_wconf 78' lang='lat' dir='ltr'><strong><em>celeriteramisso</em></strong></span> <span class='ocrx_word' id='word_1_257' title='bbox 907 2388 1009 2454; x_wconf 89' lang='lat' dir='ltr'><strong><em>recipe-</em></strong></span> 
     </span>
     <span class='ocr_line' id='line_1_32' title="bbox 51 2455 1008 2529; baseline -0.003 -20"><span class='ocrx_word' id='word_1_258' title='bbox 51 2469 153 2513; x_wconf 80' lang='lat' dir='ltr'><strong><em>raurros</em></strong></span> <span class='ocrx_word' id='word_1_259' title='bbox 177 2462 385 2529; x_wconf 65' lang='lat' dir='ltr'><strong><em>{confidebant}</em></strong></span> <span class='ocrx_word' id='word_1_260' title='bbox 426 2460 596 2512; x_wconf 81' lang='lat' dir='ltr'><strong><em>Deliberatur</em></strong></span> <span class='ocrx_word' id='word_1_261' title='bbox 629 2458 795 2512; x_wconf 74' lang='lat' dir='ltr'><strong><em>derivatico</em></strong></span> <span class='ocrx_word' id='word_1_262' title='bbox 825 2458 855 2509; x_wconf 89' lang='lat' dir='ltr'><strong><em>in</em></strong></span> <span class='ocrx_word' id='word_1_263' title='bbox 874 2455 1008 2509; x_wconf 89' lang='lat' dir='ltr'><strong><em>communi</em></strong></span> 
     </span>
     <span class='ocr_line' id='line_1_33' title="bbox 52 2525 1008 2596; baseline -0.006 -15"><span class='ocrx_word' id='word_1_264' title='bbox 52 2530 173 2595; x_wconf 85' lang='lat' dir='ltr'><strong><em>concilio,</em></strong></span> <span class='ocrx_word' id='word_1_265' title='bbox 205 2530 305 2583; x_wconf 86' lang='lat' dir='ltr'><strong><em>incendi</em></strong></span> <span class='ocrx_word' id='word_1_266' title='bbox 334 2531 461 2596; x_wconf 80' lang='lat' dir='ltr'><strong><em>placeret,</em></strong></span> <span class='ocrx_word' id='word_1_267' title='bbox 486 2546 519 2583; x_wconf 84' lang='lat' dir='ltr'><strong><em>on</em></strong></span> <span class='ocrx_word' id='word_1_268' title='bbox 539 2528 650 2580; x_wconf 80' lang='lat' dir='ltr'><strong><em>defendi.</em></strong></span> <span class='ocrx_word' id='word_1_269' title='bbox 691 2528 870 2580; x_wconf 84' lang='lat' dir='ltr'><strong><em>Procumbunt</em></strong></span> <span class='ocrx_word' id='word_1_270' title='bbox 885 2525 1008 2578; x_wconf 84' lang='lat' dir='ltr'><strong><em>omnibus</em></strong></span> 
     </span>
     <span class='ocr_line' id='line_1_34' title="bbox 52 2590 1007 2671; baseline -0.007 -20"><span class='ocrx_word' id='word_1_271' title='bbox 52 2598 135 2652; x_wconf 80' lang='lat' dir='ltr'><strong><em>Gallis</em></strong></span> <span class='ocrx_word' id='word_1_272' title='bbox 150 2601 183 2651; x_wconf 84' lang='lat' dir='ltr'><strong><em>ad</em></strong></span> <span class='ocrx_word' id='word_1_273' title='bbox 192 2600 270 2666; x_wconf 86' lang='lat' dir='ltr'><strong><em>pedes</em></strong></span> <span class='ocrx_word' id='word_1_274' title='bbox 287 2599 437 2671; x_wconf 79' lang='lat' dir='ltr'><strong><em>Bituriges,</em></strong></span> <span class='ocrx_word' id='word_1_275' title='bbox 454 2616 487 2650; x_wconf 89' lang='lat' dir='ltr'><strong><em>uc</em></strong></span> <span class='ocrx_word' id='word_1_276' title='bbox 500 2600 702 2665; x_wconf 79' lang='lat' dir='ltr'><strong><em>pulcherrimam</em></strong></span> <span class='ocrx_word' id='word_1_277' title='bbox 714 2614 794 2665; x_wconf 90' lang='lat' dir='ltr'><strong><em>prope</em></strong></span> <span class='ocrx_word' id='word_1_278' title='bbox 808 2598 886 2648; x_wconf 85' lang='lat' dir='ltr'><strong><em>totius</em></strong></span> <span class='ocrx_word' id='word_1_279' title='bbox 903 2590 1007 2645; x_wconf 86' lang='lat' dir='ltr'><strong><em>Galliae</em></strong></span> 
     </span>
     <span class='ocr_line' id='line_1_35' title="bbox 51 2664 1007 2737; baseline -0.003 -18"><span class='ocrx_word' id='word_1_280' title='bbox 51 2670 150 2732; x_wconf 86' lang='lat' dir='ltr'><strong><em>urbem,</em></strong></span> <span class='ocrx_word' id='word_1_281' title='bbox 167 2686 234 2737; x_wconf 79' lang='lat' dir='ltr'><strong><em>quac</em></strong></span> <span class='ocrx_word' id='word_1_282' title='bbox 251 2677 276 2721; x_wconf 88' lang='lat' dir='ltr'><strong><em>et</em></strong></span> <span class='ocrx_word' id='word_1_283' title='bbox 286 2670 419 2737; x_wconf 89' lang='lat' dir='ltr'><strong><em>praesidia</em></strong></span> <span class='ocrx_word' id='word_1_284' title='bbox 435 2676 461 2719; x_wconf 92' lang='lat' dir='ltr'><strong><em>et</em></strong></span> <span class='ocrx_word' id='word_1_285' title='bbox 474 2676 623 2737; x_wconf 76' lang='lat' dir='ltr'><strong><em>ornamento</em></strong></span> <span class='ocrx_word' id='word_1_286' title='bbox 639 2668 673 2717; x_wconf 84' lang='lat' dir='ltr'><strong><em>sit</em></strong></span> <span class='ocrx_word' id='word_1_287' title='bbox 689 2666 805 2727; x_wconf 85' lang='lat' dir='ltr'><strong><em>ciuitati,</em></strong></span> <span class='ocrx_word' id='word_1_288' title='bbox 823 2666 875 2715; x_wconf 86' lang='lat' dir='ltr'><strong><em>suis</em></strong></span> <span class='ocrx_word' id='word_1_289' title='bbox 888 2664 1007 2716; x_wconf 79' lang='lat' dir='ltr'><strong><em>manibus</em></strong></span> 
     </span>
     <span class='ocr_line' id='line_1_36' title="bbox 51 2732 1005 2807; baseline -0.004 -21"><span class='ocrx_word' id='word_1_290' title='bbox 51 2739 199 2790; x_wconf 84' lang='lat' dir='ltr'><strong><em>succendere</em></strong></span> <span class='ocrx_word' id='word_1_291' title='bbox 219 2746 386 2807; x_wconf 82' lang='lat' dir='ltr'><strong><em>cogerentur3</em></strong></span> <span class='ocrx_word' id='word_1_292' title='bbox 407 2737 488 2804; x_wconf 81' lang='lat' dir='ltr'><strong><em>facile</em></strong></span> <span class='ocrx_word' id='word_1_293' title='bbox 507 2754 534 2787; x_wconf 87' lang='lat' dir='ltr'><strong><em>se</em></strong></span> <span class='ocrx_word' id='word_1_294' title='bbox 553 2738 602 2788; x_wconf 88' lang='lat' dir='ltr'><strong><em>loci</em></strong></span> <span class='ocrx_word' id='word_1_295' title='bbox 626 2742 722 2786; x_wconf 85' lang='lat' dir='ltr'><strong><em>natura</em></strong></span> <span class='ocrx_word' id='word_1_296' title='bbox 741 2735 891 2798; x_wconf 82' lang='lat' dir='ltr'><strong><em>defensuros</em></strong></span> <span class='ocrx_word' id='word_1_297' title='bbox 910 2732 1005 2798; x_wconf 86' lang='lat' dir='ltr'><strong><em>dicunt,</em></strong></span> 
     </span>
     <span class='ocr_line' id='line_1_37' title="bbox 51 2802 1005 2875; baseline -0.006 -18"><span class='ocrx_word' id='word_1_298' title='bbox 51 2809 114 2871; x_wconf 77' lang='lat' dir='ltr'><strong><em>quod</em></strong></span> <span class='ocrx_word' id='word_1_299' title='bbox 132 2824 214 2875; x_wconf 84' lang='lat' dir='ltr'><strong><em>prope</em></strong></span> <span class='ocrx_word' id='word_1_300' title='bbox 236 2825 265 2859; x_wconf 82' lang='lat' dir='ltr'><strong><em>er</em></strong></span> <span class='ocrx_word' id='word_1_301' title='bbox 287 2808 401 2859; x_wconf 85' lang='lat' dir='ltr'><strong><em>omnibus</em></strong></span> <span class='ocrx_word' id='word_1_302' title='bbox 416 2806 536 2874; x_wconf 86' lang='lat' dir='ltr'><strong><em>partibas</em></strong></span> <span class='ocrx_word' id='word_1_303' title='bbox 550 2808 661 2872; x_wconf 86' lang='lat' dir='ltr'><strong><em>flumine</em></strong></span> <span class='ocrx_word' id='word_1_304' title='bbox 680 2811 705 2855; x_wconf 89' lang='lat' dir='ltr'><strong><em>et</em></strong></span> <span class='ocrx_word' id='word_1_305' title='bbox 725 2803 823 2869; x_wconf 87' lang='lat' dir='ltr'><strong><em>palade</em></strong></span> <span class='ocrx_word' id='word_1_306' title='bbox 837 2804 874 2853; x_wconf 86' lang='lat' dir='ltr'><strong><em>cir</em></strong></span> <span class='ocrx_word' id='word_1_307' title='bbox 905 2802 1005 2865; x_wconf 84' lang='lat' dir='ltr'><strong><em>mdata,</em></strong></span> 
     </span>
     <span class='ocr_line' id='line_1_38' title="bbox 51 2870 1003 2944; baseline -0.003 -21"><span class='ocrx_word' id='word_1_308' title='bbox 51 2891 127 2927; x_wconf 89' lang='lat' dir='ltr'><strong><em>uuum</em></strong></span> <span class='ocrx_word' id='word_1_309' title='bbox 146 2876 242 2929; x_wconf 87' lang='lat' dir='ltr'><strong><em>babeat</em></strong></span> <span class='ocrx_word' id='word_1_310' title='bbox 266 2884 291 2927; x_wconf 90' lang='lat' dir='ltr'><strong><em>et</em></strong></span> <span class='ocrx_word' id='word_1_311' title='bbox 305 2884 494 2944; x_wconf 75' lang='lat' dir='ltr'><strong><em>perangustum</em></strong></span> <span class='ocrx_word' id='word_1_312' title='bbox 517 2876 626 2926; x_wconf 84' lang='lat' dir='ltr'><strong><em>aditum.</em></strong></span> <span class='ocrx_word' id='word_1_313' title='bbox 659 2874 746 2923; x_wconf 85' lang='lat' dir='ltr'><strong><em>Datur</em></strong></span> <span class='ocrx_word' id='word_1_314' title='bbox 760 2870 905 2937; x_wconf 88' lang='lat' dir='ltr'><strong><em>petentibus</em></strong></span> <span class='ocrx_word' id='word_1_315' title='bbox 919 2870 1003 2935; x_wconf 70' lang='lat' dir='ltr'><strong><em>scuria,</em></strong></span> 
     </span>
     <span class='ocr_line' id='line_1_39' title="bbox 51 2940 1006 3013; baseline -0.002 -21"><span class='ocrx_word' id='word_1_316' title='bbox 51 2943 212 2997; x_wconf 79' lang='lat' dir='ltr'><strong><em>dissuadente</em></strong></span> <span class='ocrx_word' id='word_1_317' title='bbox 232 2945 317 3011; x_wconf 87' lang='lat' dir='ltr'><strong><em>primo</em></strong></span> <span class='ocrx_word' id='word_1_318' title='bbox 343 2942 571 3013; x_wconf 71' lang='lat' dir='ltr'><strong><em>Vercingetorige,</em></strong></span> <span class='ocrx_word' id='word_1_319' title='bbox 598 2946 656 3008; x_wconf 85' lang='lat' dir='ltr'><strong><em>post</em></strong></span> <span class='ocrx_word' id='word_1_320' title='bbox 679 2940 833 2992; x_wconf 87' lang='lat' dir='ltr'><strong><em>concedente</em></strong></span> <span class='ocrx_word' id='word_1_321' title='bbox 848 2946 874 2991; x_wconf 89' lang='lat' dir='ltr'><strong><em>et</em></strong></span> <span class='ocrx_word' id='word_1_322' title='bbox 886 2940 1006 3006; x_wconf 86' lang='lat' dir='ltr'><strong><em>precibus</em></strong></span> 
     </span>
     <span class='ocr_line' id='line_1_40' title="bbox 50 3007 1005 3083; baseline -0.004 -20"><span class='ocrx_word' id='word_1_323' title='bbox 50 3010 165 3078; x_wconf 86' lang='lat' dir='ltr'><strong><em>ipsorum</em></strong></span> <span class='ocrx_word' id='word_1_324' title='bbox 187 3020 213 3067; x_wconf 89' lang='lat' dir='ltr'><strong><em>ct</em></strong></span> <span class='ocrx_word' id='word_1_325' title='bbox 233 3014 413 3067; x_wconf 86' lang='lat' dir='ltr'><strong><em>misericordia</em></strong></span> <span class='ocrx_word' id='word_1_326' title='bbox 432 3012 514 3083; x_wconf 83' lang='lat' dir='ltr'><strong><em>volgi.</em></strong></span> <span class='ocrx_word' id='word_1_327' title='bbox 556 3012 712 3064; x_wconf 76' lang='lat' dir='ltr'><strong><em>Defensores</em></strong></span> <span class='ocrx_word' id='word_1_328' title='bbox 731 3008 827 3077; x_wconf 85' lang='lat' dir='ltr'><strong><em>oppido</em></strong></span> <span class='ocrx_word' id='word_1_329' title='bbox 839 3007 926 3062; x_wconf 87' lang='lat' dir='ltr'><strong><em>idonei</em></strong></span> <span class='ocrx_word' id='word_1_330' title='bbox 939 3009 1005 3060; x_wconf 88' lang='lat' dir='ltr'><strong><em>deli-</em></strong></span> 
     </span>
    </p>

    <p class='ocr_par' dir='ltr' id='par_1_6' title="bbox 51 3090 1006 3552">
     <span class='ocr_line' id='line_1_41' title="bbox 101 3090 747 3135; baseline -0.005 0"><span class='ocrx_word' id='word_1_331' title='bbox 101 3090 153 3135; x_wconf 90' lang='lat' dir='ltr'><strong><em>tur.</em></strong></span> <span class='ocrx_word' id='word_1_332' title='bbox 739 3096 747 3107; x_wconf 56' lang='lat'>⁸</span> 
     </span>
     <span class='ocr_line' id='line_1_42' title="bbox 51 3098 1005 3221; baseline -0.007 -16"><span class='ocrx_word' id='word_1_333' title='bbox 51 3098 99 3151; x_wconf 63' lang='lat' dir='ltr'><strong><em>gun</em></strong></span> <span class='ocrx_word' id='word_1_334' title='bbox 114 3151 159 3204; x_wconf 84' lang='lat'><strong><em>16.</em></strong></span> <span class='ocrx_word' id='word_1_335' title='bbox 175 3151 372 3221; x_wconf 78' lang='lat' dir='ltr'><strong><em>Vercingetorix</em></strong></span> <span class='ocrx_word' id='word_1_336' title='bbox 382 3150 526 3203; x_wconf 86' lang='lat' dir='ltr'><strong><em>minoribus</em></strong></span> <span class='ocrx_word' id='word_1_337' title='bbox 541 3150 681 3201; x_wconf 82' lang='lat' dir='ltr'><strong><em>Caesarem</em></strong></span> <span class='ocrx_word' id='word_1_338' title='bbox 691 3145 828 3199; x_wconf 79' lang='lat' dir='ltr'><strong><em>itineribus</em></strong></span> <span class='ocrx_word' id='word_1_339' title='bbox 841 3144 1005 3213; x_wconf 79' lang='lat' dir='ltr'><strong><em>subsequitur</em></strong></span> 
     </span>
     <span class='ocr_line' id='line_1_43' title="bbox 51 3216 1005 3291; baseline -0.007 -19"><span class='ocrx_word' id='word_1_340' title='bbox 51 3224 75 3272; x_wconf 89' lang='lat' dir='ltr'><strong><em>ct</em></strong></span> <span class='ocrx_word' id='word_1_341' title='bbox 91 3222 181 3275; x_wconf 88' lang='lat' dir='ltr'><strong><em>locum</em></strong></span> <span class='ocrx_word' id='word_1_342' title='bbox 203 3222 295 3275; x_wconf 82' lang='lat' dir='ltr'><strong><em>castris</em></strong></span> <span class='ocrx_word' id='word_1_343' title='bbox 309 3220 416 3291; x_wconf 87' lang='lat' dir='ltr'><strong><em>deligit,</em></strong></span> <span class='ocrx_word' id='word_1_344' title='bbox 435 3220 573 3287; x_wconf 86' lang='lat' dir='ltr'><strong><em>paludibus</em></strong></span> <span class='ocrx_word' id='word_1_345' title='bbox 589 3218 714 3284; x_wconf 78' lang='lat' dir='ltr'><strong><em>silvisque</em></strong></span> <span class='ocrx_word' id='word_1_346' title='bbox 724 3216 870 3282; x_wconf 88' lang='lat' dir='ltr'><strong><em>munitum,</em></strong></span> <span class='ocrx_word' id='word_1_347' title='bbox 889 3216 923 3266; x_wconf 85' lang='lat' dir='ltr'><strong><em>ab</em></strong></span> <span class='ocrx_word' id='word_1_348' title='bbox 935 3216 1005 3267; x_wconf 73' lang='lat' dir='ltr'><strong><em>riva-</em></strong></span> 
     </span>
     <span class='ocr_line' id='line_1_44' title="bbox 52 3282 1004 3360; baseline -0.004 -22"><span class='ocrx_word' id='word_1_349' title='bbox 52 3289 102 3343; x_wconf 89' lang='lat' dir='ltr'><strong><em>rioa</em></strong></span> <span class='ocrx_word' id='word_1_350' title='bbox 120 3291 199 3360; x_wconf 83' lang='lat' dir='ltr'><strong><em>longe</em></strong></span> <span class='ocrx_word' id='word_1_351' title='bbox 220 3290 296 3342; x_wconf 84' lang='lat' dir='ltr'><strong><em>milia</em></strong></span> <span class='ocrx_word' id='word_1_352' title='bbox 314 3307 437 3358; x_wconf 84' lang='lat' dir='ltr'><strong><em>passuum</em></strong></span> <span class='ocrx_word' id='word_1_353' title='bbox 457 3290 524 3341; x_wconf 68' lang='lat' dir='ltr'><strong><em>xil.</em></strong></span> <span class='ocrx_word' id='word_1_354' title='bbox 564 3288 605 3339; x_wconf 90' lang='lat' dir='ltr'><strong><em>lbi</em></strong></span> <span class='ocrx_word' id='word_1_355' title='bbox 629 3304 676 3354; x_wconf 89' lang='lat' dir='ltr'><strong><em>per</em></strong></span> <span class='ocrx_word' id='word_1_356' title='bbox 691 3292 774 3337; x_wconf 87' lang='lat' dir='ltr'><strong><em>certos</em></strong></span> <span class='ocrx_word' id='word_1_357' title='bbox 787 3287 963 3353; x_wconf 75' lang='lat' dir='ltr'><strong><em>cupientiores</em></strong></span> <span class='ocrx_word' id='word_1_358' title='bbox 976 3282 1004 3334; x_wconf 87' lang='lat' dir='ltr'><strong><em>in</em></strong></span> 
     </span>
     <span class='ocr_line' id='line_1_45' title="bbox 53 3355 1006 3429; baseline -0.005 -22"><span class='ocrx_word' id='word_1_359' title='bbox 53 3357 151 3429; x_wconf 86' lang='lat' dir='ltr'><strong><em>singula</em></strong></span> <span class='ocrx_word' id='word_1_360' title='bbox 171 3359 223 3412; x_wconf 88' lang='lat' dir='ltr'><strong><em>diei</em></strong></span> <span class='ocrx_word' id='word_1_361' title='bbox 241 3367 373 3425; x_wconf 87' lang='lat' dir='ltr'><strong><em>tempora,</em></strong></span> <span class='ocrx_word' id='word_1_362' title='bbox 397 3375 464 3425; x_wconf 82' lang='lat' dir='ltr'><strong><em>qaae</em></strong></span> <span class='ocrx_word' id='word_1_363' title='bbox 481 3359 515 3410; x_wconf 87' lang='lat' dir='ltr'><strong><em>ad</em></strong></span> <span class='ocrx_word' id='word_1_364' title='bbox 535 3355 678 3409; x_wconf 79' lang='lat' dir='ltr'><strong><em>Avaricum</em></strong></span> <span class='ocrx_word' id='word_1_365' title='bbox 694 3362 847 3423; x_wconf 85' lang='lat' dir='ltr'><strong><em>agerentur,</em></strong></span> <span class='ocrx_word' id='word_1_366' title='bbox 865 3369 1006 3421; x_wconf 83' lang='lat' dir='ltr'><strong><em>cognoscc-</em></strong></span> 
     </span>
     <span class='ocr_line' id='line_1_46' title="bbox 53 3420 1005 3552; baseline -0.009 -72"><span class='ocrx_word' id='word_1_367' title='bbox 53 3425 94 3481; x_wconf 87' lang='lat' dir='ltr'><strong><em>but</em></strong></span> <span class='ocrx_word' id='word_1_368' title='bbox 107 3434 150 3496; x_wconf 88' lang='lat' dir='ltr'><strong><em>et,</em></strong></span> <span class='ocrx_word' id='word_1_369' title='bbox 169 3430 231 3498; x_wconf 85' lang='lat' dir='ltr'><strong><em>quid</em></strong></span> <span class='ocrx_word' id='word_1_370' title='bbox 246 3428 305 3483; x_wconf 89' lang='lat' dir='ltr'><strong><em>lieri</em></strong></span> <span class='ocrx_word' id='word_1_371' title='bbox 318 3428 414 3492; x_wconf 81' lang='lat' dir='ltr'><strong><em>vellet,</em></strong></span> <span class='ocrx_word' id='word_1_372' title='bbox 430 3426 591 3495; x_wconf 80' lang='lat' dir='ltr'><strong><em>imperabat:</em></strong></span> <span class='ocrx_word' id='word_1_373' title='bbox 616 3442 705 3479; x_wconf 88' lang='lat' dir='ltr'><strong><em>omnes</em></strong></span> <span class='ocrx_word' id='word_1_374' title='bbox 716 3429 817 3552; x_wconf 69' lang='lat' dir='ltr'><strong><em>alostrns</em></strong></span> <span class='ocrx_word' id='word_1_375' title='bbox 825 3420 1005 3490; x_wconf 77' lang='lat' dir='ltr'><strong><em>pabulationes</em></strong></span> 
     </span>
    </p>

    <p class='ocr_par' dir='ltr' id='par_1_7' title="bbox 720 3588 892 3621">
     <span class='ocr_line' id='line_1_47' title="bbox 720 3588 892 3621; baseline -0.006 -4"><span class='ocrx_word' id='word_1_376' title='bbox 720 3597 730 3617; x_wconf 64' lang='grc' dir='ltr'><strong><em>π</em></strong></span> <span class='ocrx_word' id='word_1_377' title='bbox 788 3595 837 3621; x_wconf 54' lang='grc' dir='ltr'><strong><em>γ’·</em></strong></span> <span class='ocrx_word' id='word_1_378' title='bbox 855 3590 869 3620; x_wconf 68' lang='lat' dir='ltr'><strong><em>a·</em></strong></span> <span class='ocrx_word' id='word_1_379' title='bbox 882 3588 892 3607; x_wconf 86' lang='lat'><strong><em>‘-</em></strong></span> 
     </span>
    </p>
   </div>
   <div class='ocr_carea' id='block_1_4' title="bbox 0 0 1164 3809">
    <p class='ocr_par' dir='ltr' id='par_1_8' title="bbox 0 0 1164 3809">
     <span class='ocr_line' id='line_1_48' title="bbox 0 0 1164 3809; baseline 0 0"><span class='ocrx_word' id='word_1_380' title='bbox 0 0 1164 3809; x_wconf 95' lang='lat' dir='ltr'><strong><em> </em></strong></span> 
     </span>
    </p>
   </div>
  </div>
 </body>
</html>
