2317 3809
162 191 226 260 186
462 197 829 260 auaannocrvlnt

98 347 104 364 ·
162 337 457 407 ἆίιοωῐσιά,ωῖω
473 341 1128 414 Μψηῃοοωοῦἱωώαάψονίπ-

163 411 656 469 eiameuimomuuuCaeearisrebus
675 415 955 482 uverooognovesst
983 415 1126 481 ininsula,

163 481 295 548 frumento
306 482 469 550 mnibusque
487 483 664 550 usurpatam,
680 484 782 553 bellurn
796 483 859 536 duri
879 500 933 535 nou
950 483 1063 536 difficile
1081 503 1127 537 ex-

164 549 306 618 istimabat
341 551 452 615 Caesar,
468 551 518 604 etsi
537 551 629 604 multis
648 552 855 620 mendisque
872 553 952 605 rebus
970 553 1000 604 iu
1018 552 1127 606 ltaliam

166 619 355 684 revocabatur,
372 625 461 674 tamen
472 620 656 685 sonuum,
671 623 776 674 nullam
796 627 900 690 partem
912 620 1016 675 belliin
1026 621 1126 691 Hispe-

166 688 218 743 uiis
228 688 390 755 relinquere3
407 690 477 757 quod
490 705 590 759 magns
611 707 669 743 esse
687 692 810 760 Pompeii
828 689 958 744 benefida
974 696 1003 744 et
1013 707 1126 762 magnas

168 757 302 812 clientelas
317 756 344 810 iu
355 757 477 812 citeriore
488 758 626 826 provincia
634 759 743 814 sciebat.

237 826 280 880 19.
296 827 404 894 ltaque,
420 830 522 882 duobus
539 828 688 898 legionibus
705 828 792 882 missis
806 827 835 880 in
854 826 1010 893 ulteriorem
1025 828 1125 896 Hispu-

168 895 241 951 niam
252 913 314 948 oum
333 897 366 963 Q.
384 897 491 962 Cassio,
510 898 630 954 Tribuuo
648 898 746 965 plebis,
762 897 819 965 ipse
837 915 899 950 eum
908 897 1038 950 sexcenis
1051 899 1125 966 eqni-

168 966 238 1022 tibus
258 965 362 1035 magnis
381 966 518 1020 itineribus
535 967 706 1036 progreditur
721 967 886 1033 dictumque
900 966 1067 1047 praemittit,
1092 969 1123 1020 ad

168 1051 249 1104 quam
262 1035 332 1087 diem
342 1035 513 1106 Magistratus
526 1036 708 1104 principesque
723 1037 842 1089 omnium
855 1035 993 1087 eivmtum
1005 1035 1061 1088 sibi
1069 1054 1122 1089 esse

168 1107 272 1174 praesto
284 1105 421 1158 Cordubae
436 1107 525 1158 vellet.
560 1105 622 1174 Quo
635 1105 721 1158 edicto
736 1109 793 1158 tota
804 1103 941 1171 provincia
957 1105 1122 1175 pervulgato,

169 1175 243 1227 nullu
253 1173 305 1226 fuit
315 1173 424 1239 civiles,
441 1175 503 1244 quin
519 1175 553 1230 ad
570 1175 599 1228 id
616 1180 718 1243 tempus
733 1180 837 1242 partem
849 1174 960 1226 Senatus
973 1174 1122 1228 Cordubam

169 1241 296 1305 mitteret3
313 1243 434 1296 nullusve
453 1243 519 1296 civis
536 1245 674 1298 Romnum
692 1244 783 1311 paullo
800 1241 902 1306 notior,
923 1241 987 1309 quin
1003 1244 1039 1295 ad
1055 1245 1122 1314 diem

170 1311 325 1364 conveniret
359 1311 446 1364 Simul
456 1313 512 1380 ipse
519 1313 658 1366 Cordubae
665 1317 806 1366 eonventus
816 1329 864 1380 per
876 1329 905 1364 oe
914 1317 1004 1380 portas
1010 1311 1123 1365 Varroni

170 1380 276 1445 clausit,
294 1381 423 1434 custodias
432 1381 591 1451 vigiliasque
602 1381 631 1434 iu
644 1381 761 1434 turribus
773 1398 902 1448 muroque
913 1379 1050 1448 disposuit.
1074 1383 1122 1434 co

170 1450 259 1503 hortea
276 1449 350 1513 duas,
369 1465 437 1518 quae
453 1450 587 1504 colonicae
599 1451 813 1518 repellebantur,
825 1467 909 1517 quum
919 1468 950 1503 eo
958 1467 1026 1503 oasu
1037 1450 1123 1502 venie

171 1523 242 1580 seul,
260 1517 349 1570 tuendi
360 1519 450 1587 oppidi
460 1536 554 1573 caussa
568 1521 639 1588 apud
649 1538 678 1572 oe
689 1518 805 1572 retinuit.
837 1519 935 1602 lisdem
952 1519 1046 1602 diebus
1060 1521 1122 1588 Car·

171 1603 393 1710 atttriti
402 1589 1123 1728 wttittttl‘ttttffittstitffi

172 1741 201 1780 ae
213 1725 334 1779 cohortes
344 1726 420 1780 eiecit
428 1733 568 1812 portasque
575 1727 735 1796 praeclusit¹

240 1794 284 1848 ab.
301 1796 362 1848 llne
372 1813 436 1849 vero
458 1813 545 1865 mugra
565 1813 708 1865 properare
724 1796 823 1859 Varro,
845 1799 877 1848 ut
894 1812 956 1848 cum
973 1793 1121 1864 legionibus

173 1864 378 1934 quamprimum
391 1863 473 1918 Gadis
488 1867 666 1929 contenderet,
682 1881 716 1917 ne
724 1863 819 1917 itinere
830 1869 878 1917 aut
889 1862 1031 1917 trusieem
1043 1865 1119 1916 inter·

173 1935 332 1988 oluderelmz
353 1939 427 1988 tanta
438 1951 470 1988 ae
491 1940 547 1990 tam
566 1935 679 1988 secunda
691 1933 720 1986 in
730 1935 870 1986 &osorem
880 1935 1003 1986 voluutas
1015 1933 1118 2000 proriu-

174 2001 231 2055 eiao
243 2003 430 2072 reperiebatur.
463 2005 608 2074 Progresso
622 2003 648 2056 ei
656 2003 747 2070 paullo
754 2003 862 2070 lougius
870 2002 997 2056 litteraoa
1005 2003 1120 2055 Gadibus

171 2071 323 2136 redduntru,
344 2071 424 2126 aiunl
439 2077 517 2143 atque
529 2073 564 2127 sit
582 2073 717 2142 eognitum
728 2073 761 2124 de
776 2072 861 2124 edicto
874 2070 1004 2136 Cremu,
1015 2088 1120 2124 eonom-

174 2140 239 2194 eisre
259 2139 401 2195 Gaditanos
418 2141 548 2210 principos
568 2160 629 2194 oum
643 2141 768 2195 'lbibuuis
779 2140 944 2204 cohortium,
957 2157 1030 2207 quae
1039 2143 1120 2194 essert
1137 2196 1138 2201 ,

174 2209 214 2262 ibi
222 2209 251 2262 in
265 2209 408 2277 praesidio,
424 2216 455 2264 ut
468 2211 619 2264 Gallonium
630 2228 663 2263 ex
674 2211 770 2278 oppido
783 2211 956 2277 expellerent,
974 2210 1070 2262 urbem
1082 2209 1121 2261 iu-

173 2279 311 2346 sulamque
331 2279 437 2332 Caesari
450 2284 592 2340 servarent
613 2281 675 2333 Hoc
694 2280 759 2332 inito
778 2278 904 2342 oonsilio,
926 2279 1121 2332 denunciariaee

176 2347 313 2412 Gallonio,
330 2353 414 2402 utsua
423 2350 589 2416 spoute‚dum
599 2349 655 2402 siue
669 2349 786 2416 periculo
800 2349 900 2412 liceret,
916 2347 1053 2401 erooderet
1068 2349 1120 2400 Ga-

75 2431 80 2456 ¹
174 2417 267 2482 dibus;
281 2417 305 2470 si
315 2416 343 2470 id
354 2415 406 2470 nnn
419 2417 531 2482 iecisset,
543 2418 596 2472 sibi
606 2417 745 2471 eonsilium
753 2423 888 2483 capturos:
903 2418 957 2469 hoo
970 2415 1069 2471 timore
1076 2417 1119 2472 ad·

174 2488 281 2541 ductum
294 2487 446 2540 Gallonium
457 2487 574 2541 Gadibus
583 2487 728 2541 aoessisse.
761 2487 812 2538 llis
822 2485 933 2556 coguitis
942 2486 1038 2550 rebus,
1055 2488 1119 2539 alte-
1137 2526 1138 2531 ,

174 2571 205 2608 ra
219 2573 250 2609 ex
263 2556 364 2610 duabus
378 2555 539 2626 legionibus,
557 2557 775 2626 quaeremooula
786 2555 975 2624 adpellabatur,
985 2571 1020 2606 ox
1029 2555 1118 2609 meua

170 2624 308 2692 Varronis,
325 2625 442 2680 adstante
454 2631 480 2679 et
491 2626 651 2695 inspectante
662 2626 729 2694 ipso,
743 2625 820 2695 signa
830 2623 935 2678 sustulit
949 2641 1060 2691 seseque
1071 2623 1118 2677 lli·

171 2696 267 2762 spalim
277 2694 376 2764 roeepit
392 2700 470 2764 atque
480 2695 509 2748 ia
523 2697 583 2749 loro
593 2702 620 2750 et
628 2695 770 2764 porticibus
785 2693 841 2746 sine
852 2692 983 2746 maleficio
995 2693 1116 2747 consedit

173 2763 250 2829 Quod
261 2766 359 2830 factm
369 2765 434 2818 edon
446 2765 502 2818 eins
514 2771 655 2818 eonvoutus
668 2765 739 2818 eires
752 2765 868 2816 Romani
877 2761 1117 2830 comprobaverunt,

174 2837 205 2886 ut
214 2833 320 2888 domum
336 2835 410 2887 adse
423 2833 656 2914 quisquebospitio
672 2833 838 2902 cupidissime
850 2831 983 2902 reciperet
1018 2832 1117 2915 Quibus

70 2919 75 2926 ·
173 2902 251 2954 rebus
272 2902 422 2970 perterritus
441 2905 541 2968 barro,
557 2920 653 2987 quum,
669 2904 763 2957 itinere
777 2919 916 2964 converso,
931 2899 1117 2954 aweltonam

173 2976 314 3025 venturum
326 2971 497 3040 promisisset,
511 2977 608 3026 cernor
621 2974 656 3026 ab
667 2973 817 3026 snislaotus
828 2977 884 3036 ost,
916 2970 1052 3024 raeelusas
1065 2985 1117 3024 erse

174 3045 271 3108 portos.
303 3042 376 3095 Tum
388 3059 467 3107 vero,
484 3041 556 3096 omni
567 3041 723 3095 interclusus
735 3041 844 3105 itinere,
860 3040 894 3094 ud
1058 3037 1116 3093 uu't-

174 3110 221 3174 tit,
237 3115 357 3178 paratum
368 3128 397 3163 se
409 3128 478 3176 osse,
495 3111 642 3180 legionem,
658 3111 702 3164 oui
716 3109 834 3174 iusseri,
850 3109 990 3177 transdere.
1024 3106 1115 3161 llleud

172 3195 234 3232 eum
253 3178 313 3230 Ser.
330 3180 469 3233 Caesam
487 3179 569 3232 mittit
588 3187 667 3248 atque
679 3180 743 3232 huie
754 3178 854 3232 trmsdi
864 3179 945 3232 iubet
977 3177 1116 3231 Transdita

170 3247 284 3332 logione,
300 3247 384 3298 Varro
393 3248 542 3302 Cordubam
553 3249 588 3300 ad
599 3249 738 3304 Caesarem
748 3247 835 3302 vonit:
851 3247 942 3300 relatis
954 3247 990 3298 ad
1001 3263 1116 3314 eampu-

169 3316 246 3370 blrois
261 3330 321 3368 enm
334 3315 386 3366 lide
396 3317 559 3387 rationibus,
575 3319 646 3386 quod
656 3335 736 3386 penes
748 3336 811 3371 eum
824 3323 864 3371 est
875 3314 1020 3384 pecuniae,
1036 3323 1115 3372 kaut-

167 3385 207 3440 dit
218 3389 258 3450 et,
273 3383 342 3452 quod
352 3381 450 3452 ubique
460 3385 737 3443 babmttrummtiae
747 3385 871 3452 uarium,
887 3384 1008 3441 ostendit.
