2317 3809
90 278 95 285 .
179 196 222 261 96
413 156 664 275 'onerato
682 201 876 259 unumne
981 255 985 259 .

177 342 276 397 tutibus
289 340 391 395 absides
404 328 529 409 imperat,
546 347 647 395 certum
658 342 918 396 numerummilitum
930 341 965 393 ud
977 356 1007 399 ee
1016 338 1134 392 celeriter

179 412 275 465 adduci
285 412 373 475 iubet,
390 430 525 464 armorum
538 421 664 479 quantum
677 430 796 478 quaeque
807 412 901 463 civitas
913 410 999 473 domi,
1016 410 1131 477 quodque

178 492 239 535 aute
250 490 350 547 tempus
363 482 632 544 alliciat„coustituit:
649 482 676 533 in
688 482 780 548 primis
792 481 918 547 equitatui
928 482 1023 532 studet.
1057 480 1131 529 Sum-

178 568 239 604 mae
249 550 401 619 diligentiae
414 552 661 618 summam'imperii
671 551 839 603 severitatem
853 550 940 611 addit3
957 548 1130 616 magnitudine

178 620 301 687 sulsplicii
320 620 467 673 dubitantes
485 622 570 690 cogit:
595 638 674 683 uam,
689 620 790 671 maiore
801 620 941 671 commisso
955 618 1063 679 delicto,
1078 616 1130 684 igni

178 696 256 756 utque
264 689 383 740 omnibus
391 690 524 741 tormentis
536 697 624 741 siccat:
641 690 742 741 leviore
749 690 781 739 de
793 706 894 752 caussa,
903 688 1010 739 auribus
1018 686 1130 745 desectis,

179 767 225 810 aut
238 758 348 827 singulis
365 756 465 809 effossis
481 759 579 822 otttrlis,
597 760 705 809 domum
717 758 845 821 remittit,
862 766 891 808 ut
903 758 956 809 siut
969 755 1078 823 reliquis
1089 756 1129 805 do-

100 861 103 872 ‹
179 836 299 879 cumrato
312 832 339 878 et
352 828 533 895 magnitudine
545 845 643 893 poenae
654 826 813 893 perterreant
825 825 900 878 alios.

149 914 152 920 ¹
195 962 199 969 .
247 894 273 949 5.
290 896 341 948 His
356 896 491 962 subpliciis
504 896 624 949 celeriter
634 904 723 948 couno
734 896 858 959 exercitu,
874 893 1025 947 Lucterium
1035 892 1129 943 Cadur-

180 982 254 1029 cum,
272 982 390 1017 summae
407 966 541 1017 bominem
557 966 691 1027 audaciae,
703 984 764 1016 cum
777 972 853 1031 parte
864 964 1000 1030 copiarum
1015 962 1043 1013 in
1052 963 1129 1011 Rute

178 1052 227 1088 nus
237 1034 334 1087 mittit:
355 1033 411 1099 ipse
426 1034 452 1085 in
463 1035 604 1103 Bituriges
615 1035 798 1101 proficiscitur.
832 1033 898 1085 Eius
910 1034 1022 1083 adventu
1034 1029 1129 1080 Bituri-

178 1120 227 1171 ges
240 1104 273 1154 ad
286 1104 403 1166 Aeduus,
421 1120 532 1169 qnorum
545 1111 618 1155 erant
629 1104 656 1154 in
673 1105 738 1166 lide,
755 1105 859 1171 legatos
870 1102 979 1153 mittunt
989 1100 1128 1150 subsidium

178 1178 316 1241 rogatum,
339 1189 390 1237 quo
412 1172 516 1225 facilius
534 1174 649 1225 bostium
666 1173 755 1238 copias
766 1172 894 1223 sustinere
910 1170 1016 1236 possint
1050 1168 1128 1219 aedui

179 1240 213 1293 de
231 1240 338 1291 consilio
353 1242 531 1309 Legaturum,
563 1260 628 1309 quos
645 1243 746 1304 ,Cosam
769 1242 803 1292 nd
821 1240 964 1293 exercitum
984 1238 1127 1303 reliquerat,

179 1310 268 1375 copias
281 1309 410 1375 equitatus
421 1311 601 1377 peditatusque
618 1312 734 1363 subsidio
753 1310 920 1377 Biturigibus
934 1308 1049 1359 mittunt.
1080 1306 1128 1371 Qui

157 1396 261 1499 Ἕω
278 1380 312 1433 ed
329 1378 428 1433 flumen
446 1380 563 1448 Ligerim
581 1380 726 1443 uenissent,
743 1380 812 1449 quqd
829 1378 967 1445 Bituriges
984 1378 1018 1428 ab
1039 1374 1127 1427 Aeduis

199 1447 287 1511 ividit,
306 1465 401 1514 paucos
417 1449 471 1499 dies
487 1450 525 1500 ibi
542 1450 655 1513 morati,
672 1466 755 1515 neque
767 1450 864 1500 llumcn
877 1447 988 1499 trausire
1000 1445 1071 1507 ansi,
1086 1446 1127 1495 de

178 1534 253 1569 unum
266 1522 432 1570 revertuntur
444 1519 591 1587 legatisque
604 1519 699 1570 nostris
709 1518 862 1570 renunciant
883 1534 911 1567 se
917 1515 1069 1583 Biturigum
1074 1531 1127 1579 pce

179 1586 271 1639 fidiam
289 1586 387 1638 veritos
401 1588 553 1651 revertisse,
577 1589 671 1654 quibas
682 1588 718 1649 ,id
740 1586 845 1638 consilii
862 1586 942 1637 luisse
956 1584 1126 1653 cognoverint,

179 1663 222 1717 ut,
239 1655 262 1707 si
272 1655 369 1709 flumen
381 1656 538 1721 transissent,
557 1674 608 1708 unu
621 1662 737 1723 exparte
751 1656 809 1721 ipsi,
822 1657 907 1707 ultera
920 1654 1033 1705 Arverni
1047 1653 1127 1703 sccir-

179 1723 367 1777 cumsisterent.
401 1726 431 1777 ld
453 1744 517 1778 eane
537 1728 570 1777 de
585 1744 691 1788 mussa,
714 1742 794 1791 quani
808 1724 904 1791 legatie
923 1723 1126 1789 pronunciatum,

180 1810 214 1845 au
232 1794 342 1860 perlidia
360 1795 466 1847 adducti
484 1795 609 1857 iecerint,
624 1796 693 1861 quod
716 1794 784 1846 nibil
802 1794 877 1845 nobis
894 1799 1008 1855 constat,
1024 1810 1075 1843 uon
1092 1790 1126 1840 vi

179 1863 256 1915 delur
275 1880 323 1931 pro
335 1871 405 1918 certo
419 1882 474 1915 esse
488 1865 643 1930 ponendum,
666 1864 801 1932 Bituriges
815 1880 908 1917 eorum
922 1863 1037 1913 discessu
1046 1861 1125 1912 statim

178 1949 208 1985 ee
221 1950 282 1985 cum
295 1932 418 1987 Arvernis
432 1934 599 2003 coniungunt.

157 2030 160 2037 ¹
249 2000 275 2055 (i.
292 2002 342 2055 His
355 2003 433 2055 rebus
444 2003 470 2054 iu
481 2004 585 2055 ltaliam
597 2002 703 2055 Caesari
716 2001 853 2059 nunciatis,
870 2017 952 2067 quum
963 1999 1019 2051 ium
1029 1998 1075 2050 ille
1087 2014 1127 2047 nr-

180 2068 261 2121 banas
274 2089 316 2123 res
328 2072 424 2123 virtute
438 2074 482 2123 Cu.
497 2072 616 2139 Pompeii
629 2072 833 2124 commodiorem
841 2071 868 2122 iu
879 2078 976 2121 statum
988 2067 1127 2135 pervenisse

160 2139 356 2207 intellegeret,
381 2140 408 2191 iu
423 2140 623 2207 Transalpinam
644 2142 761 2193 Galliam
780 2142 967 2207 prolectusest.
1001 2140 1126 2203 qunum

179 2207 307 2271 venisset,
330 2224 428 2276 magna
444 2210 600 2263 difficultate
621 2211 803 2274 adficiebatur,
830 2226 882 2276 qua
901 2208 1002 2260 ratione
1015 2208 1048 2258 ad
1059 2222 1126 2257 exer-

180 2276 262 2329 citum
275 2278 411 2344 pervenire
426 2286 519 2345 posset.
559 2281 645 2344 anm,
659 2280 683 2331 si
695 2280 812 2347 legiones
827 2280 853 2329 in
867 2278 1034 2331 Provinciam
1047 2292 1126 2327 arces·

180 2351 262 2409 seret,
284 2346 433 2399 restituente
454 2347 481 2399 iu
503 2349 596 2401 itinere
612 2350 712 2414 proelio
727 2349 896 2400 dimicaturas
910 2346 1091 2414 intellegebat:
1107 2342 1125 2392 si

179 2415 237 2483 ipse
253 2415 287 2467 ad
305 2416 448 2469 exercitum
465 2419 644 2481 contenderet,
667 2436 701 2469 ue
718 2418 751 2471 iis
767 2418 887 2485 quidem,
910 2417 956 2483 qui
973 2428 1005 2467 eo
1016 2424 1125 2481 tempore

181 2484 268 2555 pacati
280 2484 445 2549 viderentur,
463 2504 538 2539 suam
547 2489 658 2543 salutem
672 2496 744 2539 reete
756 2488 884 2539 committi
898 2486 1025 2547 videbat,

249 2554 275 2606 Ἰ.
291 2554 398 2607 Interim
419 2556 553 2609 Lurcterius
564 2557 711 2620 Cadurcus,
729 2557 755 2609 in
767 2559 884 2607 Rutenos
895 2556 1004 2617 missus,
1021 2569 1081 2604 estun
1093 2549 1126 2601 ci-

180 2622 290 2676 vitatem
303 2624 426 2677 Arvernis
439 2626 567 2677 conciliat.
585 2628 741 2695 Progressus
754 2626 781 2677 iu
795 2626 958 2693 Nitiobriges
968 2632 993 2675 et
1007 2623 1125 2678 Gabalos,

140 2722 148 2739 ·
181 2694 215 2743 ab
234 2694 351 2760 utrisque
366 2694 469 2745 obsides
490 2694 585 2761 accipit
602 2703 643 2758 et,
659 2713 757 2763 magno
769 2703 859 2747 coacta
874 2713 966 2755 manus,
983 2692 1126 2745 iuProviu-

181 2760 249 2813 uiam
276 2762 424 2815 Narbonem
442 2781 531 2817 versus
548 2765 711 2836 eruptionem
730 2767 818 2817 facere
835 2764 975 2815 contendit.
1016 2762 1077 2825 Qua
1101 2776 1125 2810 re

181 2831 311 2895 nunciata,
328 2832 424 2885 Caesar
439 2835 558 2887 omnibus
570 2834 685 2885 consiliis
699 2835 909 2888 antevertendum
921 2830 1088 2893 existimavit,
1102 2835 1124 2878 ut

180 2899 330 2968 barbonem
347 2903 561 2967 proficisceretur.
600 2905 640 2955 Eo
659 2921 740 2970 qaum
755 2902 883 2965 venisset,
907 2903 1027 2953 timentes
1038 2899 1123 2951 conlir·

97 2986 100 2993 ⁴
181 2974 245 3031 mat,
262 2970 392 3034 praesidia
404 2972 431 3023 in
445 2974 554 3029 Rutenis
567 2973 781 3039 provincialibus,
795 2973 884 3024 l'olcis
893 2970 1062 3034 memmius,
1077 2969 1123 3019 Te

180 3037 323 3102 lontibus,
348 3040 497 3109 circumque
515 3044 681 3106 Narbonem,
705 3058 772 3108 quac
785 3042 845 3093 luca
854 3050 930 3093 erant
942 3040 1061 3091 hostibus
1073 3034 1123 3087 lini-

180 3113 267 3171 tuma,
287 3109 431 3163 coustituit:
454 3118 555 3177 partem
571 3113 706 3178 copiarum
719 3130 751 3161 ex
762 3111 901 3162 Provincia
912 3110 1123 3174 subplemeutum-

181 3194 245 3243 que,
262 3176 332 3243 quud
341 3196 372 3229 ex
384 3180 461 3231 ltalia
475 3182 625 3246 adduxerat,
642 3182 670 3232 iu
682 3181 803 3243 Helvius,
818 3180 866 3248 qui
880 3180 944 3231 lines
954 3180 1123 3231 manorum

181 3245 349 3313 contingunt,
365 3249 506 3314 usuvenire
516 3249 597 3303 iubet.
673 3255 675 3260 '

249 3312 275 3367 8.
291 3313 345 3365 llis
358 3314 438 3365 rebus
453 3318 625 3383 comparatis,
648 3334 767 3385 represso
781 3318 835 3371 iam
847 3317 970 3371 Lucterio
983 3321 1010 3368 et
1022 3318 1123 3371 minoto,

181 3382 251 3451 qued
259 3382 357 3441 utrae
368 3382 438 3437 iuna
450 3386 581 3460 praesidia
590 3386 766 3455 periculosum
776 3390 899 3457 putabat,
914 3388 945 3441 iu
953 3387 1124 3453 Helviespre
