2317 3809
155 168 195 231 16
419 175 627 233 nanneno
644 173 833 233 onumen
908 132 914 140 ’

151 316 371 389 circumductum,
386 332 469 383 paena
481 313 570 369 atum·
584 316 711 383 oppidmn
726 314 821 385 cingite
839 315 970 384 reliquum
983 316 1105 385 spatimn,
1145 312 1146 342 ³

150 386 222 453 quod
236 391 275 439 est
289 404 342 439 noa
356 386 469 455 amplius
483 387 579 453 pedum
591 386 651 450 DC,
667 401 720 454 qua
731 386 828 437 flumen
844 384 1008 451 intermittit,
1031 403 1106 439 mom

152 456 265 508 maturet
286 470 385 525 magua
404 454 555 518 altitudine,
590 454 631 507 ita
655 461 686 507 nt
707 454 808 507 radices
827 454 884 508 eins
902 454 998 508 montis
1025 473 1058 507 ex
1074 472 1107 507 n·
1146 495 1147 516 ι

152 530 245 593 traque
268 534 343 593 parte
363 524 437 590 ripae
459 524 575 577 fluminis
594 524 752 593 contingant.
785 524 863 575 Hune
882 541 974 576 murus
987 523 1107 577 ‘eircum-
1146 519 1147 542 ¹

151 594 226 645 datus
235 610 323 647 arcem
333 594 415 645 efficit
433 598 459 645 et
487 610 548 655 etun
563 593 659 661 oppido
678 592 820 675 coniungit
853 593 916 645 Huc
934 594 1031 654 &esar
1048 610 1108 646 ma-
1146 551 1147 634 i

150 662 210 731 gnis
218 664 350 715 nocturnis
362 662 512 729 diurnisque
525 662 661 716 itineribus
669 664 810 727 contendat,
825 668 1002 731 occupatoque
1011 663 1107 733 oppido
1146 637 1147 726 i

151 729 191 785 ibi
206 732 366 799 praesidium
381 732 508 783 conlocat.
802 745 805 755 ¹
1019 740 1025 748 ¹
1146 751 1147 754 ¹

131 850 132 855 ,
221 801 265 853 39.
283 804 353 853 llum
365 817 461 867 paucos
474 802 528 853 dies
541 802 576 855 od
589 798 773 853 Vesontionem
785 798 825 852 rei
836 799 1023 853 frumentariae
1034 818 1107 853 eom·

151 875 304 937 lucanusque
315 884 406 925 caussa
419 876 546 935 moratur,
563 888 596 923 ex
606 870 815 939 percunctatione
822 875 971 921 nostrornm
984 869 1108 923 vecibus·
1147 877 1148 922 l

151 958 203 1007 qne
216 940 355 1011 Gallorum
368 955 399 991 ae
413 945 598 1003 mercatorum,
608 936 653 1007 qui
665 938 765 1008 ingenti
776 938 957 1006 magnitudine
967 956 1108 1005 corporum
1147 945 1148 996 l

153 1010 313 1072 Genusum,
330 1007 479 1061 incredibili
495 1010 594 1061 virtute
612 1015 691 1077 atque
710 1007 892 1060 exercitatione
907 1008 935 1059 in
953 1008 1033 1061 armis
1052 1027 1109 1062 mse
1147 1008 1148 1058 l

149 1078 349 1145 praedicebant,
372 1094 558 1144 saepenumero
572 1096 629 1131 sese
649 1094 709 1131 eum
721 1076 759 1129 eis
776 1094 929 1145 congressos
947 1095 982 1130 ne
1003 1077 1108 1131 vultum
1147 1067 1148 1102 ¹

151 1146 257 1213 quidem
283 1152 362 1214 atque
387 1146 472 1201 aciem
501 1149 639 1201 oculorum
659 1145 876 1212 ferresspotuisse,
905 1152 991 1199 tauma
1019 1146 1108 1200 subito
1148 1193 1149 1214 ,

149 1214 230 1269 timor
252 1226 357 1287 emnem
374 1216 517 1269 exercitum
536 1216 687 1283 occuparit,
714 1220 744 1268 ut
759 1231 811 1267 non
831 1214 999 1274 mediocriter
1020 1216 1107 1269 omui·
1148 1247 1149 1286 g

149 1302 196 1337 nm
229 1290 329 1339 mentes
353 1286 506 1353 animosque
539 1286 731 1355 perturbaret.a
752 1283 806 1337 Hie
832 1284 949 1351 primum
973 1288 1046 1338 ortus
1068 1290 1109 1339 est

150 1370 168 1407 a
190 1354 316 1407 Tribunis
350 1355 488 1419 militum,
525 1354 664 1422 praelectis
690 1351 864 1420 reliquisque,
893 1354 955 1421 qui,
987 1372 1021 1407 ex
1039 1356 1110 1408 urbe
1148 1395 1149 1398 ,

150 1422 392 1487 amicitiaeeaussa
419 1426 558 1477 enarrem
585 1424 681 1487 secuti,
715 1423 861 1491 [magnum
886 1422 1034 1489 periculum
1054 1424 1108 1476 mi-

150 1494 316 1555 serebantur,
334 1493 414 1561 quod]
428 1510 479 1545 uon
497 1510 625 1563 magnum
641 1491 670 1545 in
684 1510 714 1543 re
735 1490 846 1545 militari
865 1508 943 1544 mum
959 1492 1107 1546 habebantr

150 1578 264 1629 quorum
283 1562 368 1627 alius,
386 1562 440 1615 alia
455 1579 547 1615 caussa
563 1563 660 1625 inlata,
682 1577 761 1629 quam
777 1560 829 1612 sibi
844 1560 878 1612 ad
891 1561 1109 1628 proficiscendum

150 1628 325 1685 necessariam
339 1649 394 1684 esse
414 1632 543 1697 dicerent,
560 1632 698 1698 petebant,
714 1636 745 1681 ut
756 1629 813 1683 eius
827 1630 961 1683 voluntate
973 1629 1110 1684 discedere

149 1692 256 1761 liceret:
272 1701 408 1764 normulli,
424 1703 523 1768 pudore
537 1699 659 1762 adducti,
676 1705 706 1752 ut
719 1697 821 1751 timoris
844 1699 1019 1765 suspicionem
1056 1701 1063 1714 ⁸
1095 1755 1101 1770 -.

150 1776 225 1832 reat,
235 1770 417 1823 *remanebant
434 1770 472 1823 lli
483 1788 566 1837 neque
577 1771 680 1821 vultum
694 1769 809 1837 lingere,
826 1785 910 1843 neque
920 1768 989 1821 inter
1000 1827 1005 1836 ¹
1016 1825 1021 1830 ,
1093 1771 1112 1833 ς’·

151 1839 248 1905 mimas
268 1844 357 1893 tenere
377 1844 510 1906 poteraut:
532 1838 616 1891 abditi
637 1837 666 1890 in
680 1838 854 1891 tabernaculis
869 1840 1035 1891 autsuumi
1067 1843 1071 1850 '

90 1934 97 1951 ι
149 1909 338 1975 querebantur,
355 1914 401 1962 aut
412 1926 473 1963 cum
484 1908 661 1961 familiaribus
677 1907 731 1961 suis
746 1924 883 1959 commune
893 1906 1039 1974 periculum
1053 1908 1109 1960 mi·

147 1978 310 2031 terebantur.
328 1980 412 2049 Volgo
422 1980 482 2031 totis
498 1978 591 2031 eastris
608 1982 762 2029 testamenta
769 1973 983 2046 obsignabantur.
999 1976 1108 2030 Horum

150 2047 298 2099 vecibusae
309 2047 403 2101 tiruore
420 2048 560 2117 paullatim
569 2047 649 2101 etiam
657 2046 686 2111 ii,
695 2046 741 2113 qui
753 2044 916 2114 magnumin
929 2046 1021 2098 eastris
1028 2063 1109 2099 usum

148 2114 298 2179 hebebant,
324 2117 421 2171 milites
440 2118 673 2183 Centurionesque,
705 2114 802 2183 quique
826 2114 942 2181 equitatu
960 2122 1109 2181 praeerant,

150 2182 375 2251 perturbabantur.
410 2185 463 2252 Qui
484 2204 512 2239 se
531 2204 562 2238 ex
583 2186 627 2238 bia
640 2184 727 2243 miram
743 2182 850 2237 timidos
871 2183 1013 2236 cruentari
1031 2186 1109 2236 role-

150 2252 221 2315 bant,
240 2270 291 2305 non
304 2270 332 2305 ae
347 2254 450 2307 hostem
465 2254 559 2317 vereri,
580 2254 628 2305 sed
640 2253 776 2321 anfflntias
793 2252 894 2305 itineris
905 2258 932 2304 et
943 2252 1109 2321 magnitudi-

150 2337 212 2373 nem
226 2321 437 2390 siltarumquac
445 2324 630 2378 intercederent
637 2323 705 2373 inter
716 2322 787 2388 ipsos
795 2329 874 2387 atque
881 2321 1051 2385 Ariovistum,
1059 2329 1110 2377 aut

149 2408 206 2443 rem
224 2391 435 2455 frumentariam,
450 2398 480 2445 ut
499 2392 562 2445 satis
577 2390 714 2443 commode
730 2390 878 2457 mbportari
889 2396 989 2459 posset,
1010 2390 1111 2443 timere

150 2459 279 2513 dicebant.
313 2460 438 2513 Nonnulli
459 2461 540 2515 etiam
558 2459 666 2513 Caesari
685 2460 888 2523 renunciabant,
916 2477 997 2527 quum
1017 2468 1110 2515 eastra

150 2529 252 2583 moveri
271 2546 302 2583 ac
317 2530 394 2613 signa
407 2529 471 2583 lerri
485 2530 614 2593 iussisset,
630 2546 684 2583 nou
695 2530 754 2582 tore
767 2529 835 2583 dicto
851 2529 986 2583 audientes
997 2528 1109 2595 milites,

150 2614 198 2651 nee
212 2603 319 2667 propter
330 2606 452 2663 timorem
464 2599 541 2679 sigua
550 2600 658 2651 laturos.
1093 2628 1099 2635 ·

219 2667 262 2721 4⁰.
279 2670 354 2721 Haec
374 2686 455 2735 quum
474 2668 716 2732 animadvertisset,
745 2672 888 2723 munerato
920 2666 1044 2731 consilio,
1074 2684 1109 2723 a·

148 2735 299 2803 mnimnque
315 2738 436 2821 erdiqm
450 2738 524 2791 adid
538 2737 679 2791 eonsilium
689 2736 814 2790 adhibitis
825 2735 1041 2800 centurionibus,
1057 2753 1109 2789 ve-

147 2804 283 2857 hementer
299 2824 343 2859 eos
361 2807 505 2861 incusavit:
526 2809 655 2875 primum,
687 2802 836 2875 quod‚‘uut
856 2823 934 2875 quam
951 2807 981 2858 in
990 2814 1108 2874 portem,

149 2880 197 2927 aot
221 2892 271 2943 quo
303 2878 405 2929 consilio
436 2878 606 2941 ducerentur,
641 2875 692 2928 eibi
711 2876 887 2945 quaerendum
910 2882 960 2926 aas
983 2876 1108 2943 cogitan-

149 2943 211 2995 dum
235 2950 368 3011 potarent.
393 2946 591 3008 *Adnotatum
620 2961 648 2996 se
672 2945 795 3008 Cumulo,
823 2944 984 3012 cupidissime
1013 2943 1109 3012 Populi

148 3012 263 3065 Romani
277 3014 421 3067 amicitiam
442 3016 591 3083 adpetisac3
621 3029 668 3066 cur
685 3014 752 3065 baec
776 3005 946 3066 tose'teuaere
968 3014 1107 3081 qaisquam

148 3081 182 3135 ab
194 3082 277 3148 efficio
291 3082 458 3137 diocesearum
473 3080 622 3137 iudicaret?
639 3082 804 3150 sibiquidem
816 3083 977 3150 persuaderi,
993 3084 1107 3151 cognitio

129 3188 131 3193 ,
147 3150 201 3201 aras
213 3152 351 3217 postulatis
364 3160 443 3221 etque
457 3154 590 3222 aequitate
604 3152 775 3203 conditionum
787 3158 932 3219 perspectu,
947 3167 1004 3203 eum
1020 3168 1107 3219 neque

146 3234 238 3282 auam,
255 3237 337 3289 oeque
350 3221 442 3289 Populi
452 3222 566 3273 Romani
577 3220 697 3289 graiium
709 3220 914 3287 repudiatarum.
944 3219 1018 3283 Quod
1025 3222 1049 3271 ai
1053 3224 1106 3286 su-

146 3304 204 3339 rore
213 3296 290 3358 utque
299 3291 535 3357 umentiuiepuiaus
550 3290 643 3341 bellum
650 3289 785 3351 intulisset,
799 3288 1106 3356 quidtuodcmeercren·

146 3362 192 3409 tur
200 3354 213 3409 ?
221 3366 269 3413 eat
281 3376 327 3413 cer
338 3359 371 3412 de
380 3376 429 3412 suo
444 3359 549 3423 nime,
559 3363 606 3410 ott
619 3356 652 3409 dc
661 3357 741 3427 ἱριίιι
754 3357 903 3427 illigatio
915 3356 1106 3426 deperarent?
