2317 3809
751 58 760 70 .
788 41 799 72 Ι

83 192 85 195 ’
158 218 208 279 24
310 176 341 205 ⁵
420 196 839 317 ,nuaconouanoroo
950 190 960 195 ’

159 363 276 434 primum
285 364 379 433 pabuli
390 364 468 433 eo‘pia
478 382 534 418 esso
546 364 687 434 inciperet,
698 364 742 419 'ad
753 364 897 419 exercitum
908 365 995 419 venit:
1011 366 1058 421 dat
1069 384 1126 420 ne-

130 466 137 473 ·
158 435 262 503 gotium
280 436 425 487 Senonibus
447 434 607 503 reliquisque
627 434 727 502 Gallis,
745 435 791 502 qui
802 434 1019 505 linitumi‘lielgis
1032 445 1127 503 erant,

160 502 199 557 uti
210 518 258 569 ea,
276 522 343 571 quoe
354 506 424 573 opud
439 522 483 557 eos
496 509 638 574 gerantur,
655 510 903 574 cognoscentesque
917 506 950 570 de
970 506 1014 558 his
1036 508 1127 561 rebus

53 601 74 615 ιι
159 573 298 625 certiorem
318 575 424 627 iniciant.
443 582 450 594 ‘
466 574 504 627 Ili
519 580 667 626 constanter
684 590 774 627 omnes
796 576 996 638 nunciaverunt,
1020 592 1127 628 manus

158 642 229 712 cogi,
246 643 388 696 exercitrun
398 644 426 695 in
441 657 523 695 unum
536 643 624 695 locum
632 643 750 695 conduci.
784 644 856 695 Tum
866 662 929 696 vero
943 644 1125 700 dubitandum

158 726 211 765 uon
232 712 403 777 existimarit,
426 712 489 778 quin
510 713 543 764 ud
565 730 611 764 eos
634 712 799 779 [duodecimo
818 712 871 781 die]
896 714 1122 780 proficisceretur.

158 778 202 833 ne
214 780 387 834 frumentaria
399 781 517 848 provisa,
535 789 620 834 castra
631 787 723 834 moret
737 782 879 849 diebusque
891 782 996 835 circiter
1005 783 1123 851 quinde-
1150 821 1154 833 Δ

159 848 212 903 einr
227 851 261 902 ad
273 850 338 903 lines
351 844 496 919 Belgarum
509 849 636 917 pervenit.

191 915 218 971 ὃ.
236 920 276 971 Eo
290 938 371 987 quum
385 920 418 971 de
426 918 558 986 inproviso
575 918 737 987 celeriusque
758 918 830 973 omni
850 919 973 987 opinione
989 918 1122 985 venisset,

157 987 253 1053 Remi,
270 989 316 1055 qui
324 988 438 1057 proximi
451 988 556 1041 Galliae
570 1006 603 1041 ex
617 990 710 1059 Belgis
720 996 797 1053 suot,
815 990 848 1041 ad
861 1007 923 1041 eum
937 990 1055 1058 legatos,
1065 992 1121 1042 *le-

157 1057 229 1109 cium
245 1063 271 1109 et
285 1058 489 1127 Antebrogium,
506 1058 606 1127 primos
618 1058 746 1123 civitatis,
763 1058 903 1122 miserunt,
921 1058 966 1125 qni
986 1059 1119 1122 dicerent,

156 1144 186 1180 re
199 1121 299 1193 'suaque
310 1128 399 1181 onmia
411 1128 439 1181 in
459 1128 539 1181 lidem
558 1128 688 1194 atque·in
710 1133 864 1195 potestatem
882 1127 979 1195 Populi
995 1128 1121 1182 Romani

156 1196 320 1265 pennitterec
337 1214 421 1265 neque
433 1214 461 1249 se
474 1214 534 1249 eum
543 1197 650 1265 reliquis
663 1197 756 1265 Belgis
770 1196 937 1260 consensisse,
953 1214 1037 1263 neque
1049 1215 1119 1250 eon-

156 1272 199 1318 tra
214 1266 345 1331 Populum
364 1268 515 1321 Romanum
536 1266 647 1325 omnino,
661 1266 823 1319 coniurasse:
844 1272 1000 1334 paratosque
1014 1284 1073 1318 esse
1087 1273 1121 1321 et

156 1334 259 1387 obsides
272 1337 335 1387 dare
347 1342 373 1388 et
381 1337 509 1403 imperata
518 1336 606 1387 locere
617 1340 643 1387 ct
654 1335 755 1402 oppidis
762 1335 879 1403 recipere
890 1341 917 1387 et
926 1336 1056 1387 hennento
1066 1354 1119 1389 ce·

156 1402 270 1471 terisque
279 1406 358 1457 rebus
371 1405 479 1457 iurares
496 1404 612 1472 reliquos
619 1421 709 1457 omnes
718 1405 817 1475 Belgas
827 1405 855 1456 in
863 1404 945 1458 anuis
956 1421 1026 1455 esser
1041 1404 1118 1458 (rer-

155 1488 315 1540 manosqne,
332 1474 378 1542 qui
390 1474 427 1526 cis
438 1474 563 1526 Rhenum
576 1473 708 1536 incolunt,
725 1492 782 1526 sese
794 1492 855 1525 eum
874 1472 918 1525 his
937 1473 1117 1538 coniunxisse,

155 1547 310 1610 tantumque
321 1560 478 1595 esseorum
488 1542 606 1595 omnium
616 1544 741 1604 furorem,
751 1548 781 1595 ut
789 1560 823 1595 ue
833 1542 983 1595 Suessiones
994 1544 1116 1609 quidem,

154 1611 250 1665 iratres
263 1612 519 1682 consanguineosque
530 1628 607 1677 suos,
623 1611 669 1678 qui
689 1614 782 1664 eodem
799 1611 858 1665 iure
873 1619 900 1664 et
919 1612 1018 1664 eisdem
1039 1614 1118 1682 legi-

155 1680 205 1732 bus
217 1685 339 1743 utantur,
355 1698 437 1734 unum
453 1680 596 1747 imperium
611 1698 745 1749 norrmqne
759 1680 944 1751 magistratum
964 1698 1025 1733 cum
1045 1682 1117 1751 ipsis

155 1748 285 1811 habeant,
302 1750 433 1803 deterrere
445 1750 591 1817 potuerint,
608 1750 672 1817 quin
682 1761 742 1802 cum
754 1751 797 1801 his
806 1750 985 1803 consentirent.

143 1869 146 1876 ,
163 1878 165 1889 1
224 1818 250 1871 4.
276 1819 365 1886 Quum
382 1821 415 1872 ab
432 1820 475 1871 his
494 1824 645 1888 quaereret,
660 1836 736 1887 quas
752 1819 884 1886 ciriutes,
901 1825 1063 1887 quantaeque
1080 1819 1114 1873 in

154 1888 332 1941 erminessent
347 1888 447 1956 etquid
464 1888 576 1941 inbelle
593 1895 711 1956 possent,
732 1889 771 1941 sie
787 1890 947 1957 reperiehatt
970 1890 1116 1956 plerosque

154 1958 254 2027 Belgas
276 1976 333 2011 esse
351 1964 422 2011 ortos
436 1960 471 2010 ab
493 1957 646 2022 Gennanis3
670 1960 846 2027 Rhenumque
865 1957 1008 2024 antiquitus
1021 1964 1115 2011 hane

125 2046 128 2062 *
154 2025 262 2089 ductos,
279 2033 385 2095 propter
399 2028 452 2081 loci
467 2027 630 2081 fertilitatem
652 2028 692 2081 ibi
713 2028 857 2081 consedisse
877 2028 1037 2095 Gallosque,
1060 2029 1114 2094 qui

153 2110 187 2147 ea
198 2097 258 2147 loca
270 2096 421 2161 incolerent,
438 2096 581 2163 expolirem
596 2098 718 2166 solosque
728 2114 793 2162 esse,
810 2097 870 2165 qui,
887 2103 991 2163 patrum
1004 2104 1114 2149 nostro-

153 2180 215 2217 rum
227 2165 368 2229 memoria,
384 2166 455 2217 omni
470 2166 561 2219 Gallia
571 2173 681 2230 vexata,
698 2168 830 2219 Teutonos
847 2164 1017 2233 Cimbrosque
1037 2166 1113 2220 intra

152 2232 289 2285 flncssnos
300 2232 403 2317 ingredi
415 2234 605 2300 prohibuerint.
639 2236 699 2301 Qua
708 2253 740 2287 er
753 2235 874 2299 celleri,
889 2236 930 2287 uti
950 2252 1043 2287 earum
1061 2254 1112 2287 re-

152 2318 213 2355 rum
227 2318 356 2354 memoria
366 2316 492 2372 magnam
505 2304 556 2355 sibi
566 2304 749 2356 auctoritatmr
767 2321 930 2378 magnqsqoe
949 2304 1055 2372 spiritns
1077 2305 1112 2358 iu

152 2388 183 2425 re
193 2371 304 2423 militari
319 2379 458 2424 sumerent
492 2374 533 2424 lle
543 2390 653 2425 nmnero
663 2369 855 2431 ebrumomnia
867 2392 895 2425 se
905 2375 1005 2426 hahere
1013 2374 1112 2439 explo-

137 2446 228 2505 'rata,
246 2441 325 2492 Remi
341 2441 474 2505 dicebant,
491 2447 630 2508 propterea
642 2443 711 2508 quud
729 2442 964 2509 propinquitatibus
981 2442 1111 2495 adlinitu-

152 2508 273 2577 tibusque
288 2508 433 2577 coniuncti,
450 2516 575 2578 quantam
586 2511 695 2581 quisquc
709 2510 903 2563 multitudinem
922 2511 949 2564 in
970 2514 1109 2565 communi

150 2578 297 2649 Belgarum
306 2578 417 2631 concilio
428 2580 461 2631 ad
472 2579 499 2633 id
510 2581 611 2632 bellum
624 2580 755 2647 pollicitos
769 2580 817 2645 sit,
834 2582 1013 2649 cognoverint
1036 2582 1109 2633 Plu-

61 2641 64 2649 ’
149 2648 247 2700 rimum
259 2649 384 2701 intereos
398 2650 554 2701 Bellovacos
570 2654 597 2701 ct
605 2650 702 2702 virtute
711 2655 738 2703 et
750 2650 906 2702 auctoritate
919 2657 945 2702 et
964 2650 1108 2705 hominum

149 2733 259 2770 numero
271 2719 372 2771 solerer
390 2718 439 2772 hos
453 2736 528 2785 posse
541 2719 668 2770 conticere
678 2727 783 2771 armata
793 2718 869 2771 milia
885 2725 1006 2772 centum:
1020 2721 1107 2786 polli-

148 2785 215 2860 citos
230 2804 262 2839 ex
277 2804 308 2839 eo
321 2804 430 2840 numero
445 2788 529 2839 electa
548 2788 626 2839 milia
643 2789 704 2853 hx,
729 2789 860 2856 totiusque
879 2788 944 2840 belli
959 2788 1106 2855 imperium

68 2900 71 2911 .
148 2854 200 2908 sibi
211 2857 350 2922 postulare.
384 2856 534 2909 Suessiones
542 2873 604 2909 suos
614 2874 669 2909 esse
677 2857 819 2921 finitumos,
836 2857 977 2909 latissimos
993 2859 1106 2913 ferocis-

147 2925 279 3047 ibit:
286 2926 1001 3063 ffittlttnttlhzbtbffi
1018 2928 1105 3063 liu

148 3080 262 3185 crispose
269 3062 354 3167 partis
363 3034 787 3187 hommagionuffietiff
794 3033 948 3117 Britannisle
957 3066 1103 3149 imperium
1149 3089 1150 3092 ¹

128 3140 608 3272 ‚hrdffgrotihlhqhhllcsffimmgltlblim
626 3140 1103 3258 boni.⁰s:mipn'p,vprlrppgermrplsetffirp

147 3270 243 3338 oppidu
251 3272 351 3323 habere
362 3288 471 3323 nurnero
484 3274 543 3335 llll,
559 3272 678 3341 polliceri
692 3271 769 3323 milia
777 3278 881 3325 arnosto
893 3272 1101 3342 qninquaginta:

146 3341 256 3393 totidem
268 3341 393 3403 Nervios,
411 3340 456 3406 qui
467 3340 581 3393 maxime
594 3340 645 3393 teri
655 3341 724 3393 inter
734 3340 805 3407 ipsos
818 3342 964 3393 habeantur
975 3342 1100 3406 longissi-

147 3421 241 3478 meque
250 3409 348 3465 absintr
364 3410 412 3465 llll
426 3408 503 3462 milia
516 3407 668 3465 Ammatha
686 3409 830 3464 Ambianos
852 3412 878 3464 ll
895 3410 988 3465 milia:
1011 3412 1101 3466 bleri-
