2317 3809
152 226 216 289 102
428 233 483 288 DE
499 231 635 286 Bauio
651 230 842 287 alamon

152 374 202 436 as,-
223 390 314 442 quem,
338 372 448 442 turpiter
468 388 496 425 ee
514 388 544 423 er
556 372 607 423 bae
613 374 688 440 fuga
699 372 879 439 recipientem,
896 390 929 426 ae
943 389 997 442 qua
1011 374 1119 428 deitas

151 445 441 511 eeieflaibnerecipiat‚
458 459 476 493 a
494 442 676 509 niepreeisnne
687 448 733 492 est.
883 448 909 469 ‘⁵

220 512 264 563 21.
287 511 440 564 Conclamat
454 510 538 563 amnis
557 509 699 563 multitudo
719 514 746 561 et
760 515 809 562 suo
822 528 897 563 mare
907 509 990 563 armis
999 529 1119 577 concre-

151 586 209 651 ραις
227 582 296 647 quod
306 583 395 635 lucere
407 582 434 632 in
449 598 480 631 eo
503 586 666 648 consuerunt,
680 578 759 643 {euius
785 581 930 635 orationem
946 581 1118 646 adprobant3

151 668 284 703 summum
294 668 351 703 esse
372 648 614 717 Vercingetorigem
623 649 733 712 ducem,
748 665 797 700 nec
809 650 843 701 de
854 650 911 701 eius
924 650 977 701 lide
987 650 1120 702 dubitan-

153 722 232 782 dum3
255 736 303 771 nee
322 720 423 771 maiore
439 717 541 771 ratione
560 718 659 769 bellum
671 716 849 770 administren·
859 736 942 785 posse.
976 718 1118 780 sumunt,

153 796 183 841 ut
200 790 290 841 decem
308 789 385 841 milia
401 787 538 839 hominum
557 788 657 838 delecta
668 803 701 839 ex
716 787 837 839 omnibus
850 787 932 854 copiis
940 786 967 838 in
981 788 1120 854 oppidum

153 858 352 921 submittantur,
369 874 416 909 nee
426 856 489 909 solis
502 854 668 923 Biturigibus
683 872 847 907 communem
860 858 972 909 salutem
986 858 1119 909 commit-

153 928 259 980 tendam
273 933 393 989 censent;
410 926 478 992 quod
489 940 566 991 penes
578 942 633 988 eos,
648 924 672 975 si
685 924 713 978 id
725 924 1029 992 oppidumretiuuieeent,
1037 943 1119 977 sum-

105 1054 108 1061 ,
152 1002 225 1050 triam
237 995 362 1049 vicariae
372 1000 490 1047 constare
503 993 695 1072 intellegeb9ut

221 1064 265 1117 22.
290 1063 426 1133 Singulari
449 1062 564 1115 militum
582 1067 731 1113 nostrorum
750 1061 842 1114 virtuti
855 1063 966 1115 consilia
983 1063 1120 1131 amneque

152 1132 225 1187 modi
236 1134 373 1185 Gallorum
385 1134 567 1194 occurrebant,
584 1138 614 1182 nt
624 1138 663 1183 est
672 1146 789 1183 summae
819 1149 882 1184 enne
899 1133 1021 1184 wlertiae
1031 1142 1119 1201 atque

154 1205 191 1256 ad
210 1205 297 1254 arania
318 1203 447 1255 imitanda
469 1208 495 1253 et
517 1201 669 1267 efficienda,
692 1198 760 1268 qude
837 1218 935 1269 quoqne
957 1204 1118 1263 ananam,
1134 1189 1143 1234 ‘

154 1274 322 1341 aptissimam.
364 1271 433 1323 Nam
452 1276 479 1323 et
494 1269 595 1335 laqueis
612 1269 694 1320 falces
713 1270 876 1332 avertebant,
893 1287 957 1336 quas
969 1286 1055 1336 quum
1067 1270 1119 1321 de-

154 1342 330 1403 stinaverant,
342 1339 477 1393 tormentis
495 1338 621 1390 introrsus
633 1340 806 1401 reducebant3
820 1343 847 1390 et
860 1354 989 1407 aggerem
1004 1339 1119 1391 cunicu-

154 1410 189 1463 lis
205 1410 407 1473 subtrahebant,
430 1426 462 1461 eo
482 1407 619 1467 scientius,
635 1407 705 1473 qnod
718 1408 787 1474 apud
802 1422 848 1458 eos
858 1425 971 1477 magnae
984 1414 1047 1460 sunt
1059 1410 1118 1459 ler-

74 1512 75 1522 1
154 1480 254 1542 uariae,
270 1486 349 1551 atquc
357 1495 433 1530 omne
446 1494 527 1547 genus
542 1476 722 1527 cuniculorum
733 1482 825 1529 notum
835 1482 914 1543 atque
924 1477 1054 1529 usitatum
1065 1482 1116 1528 est.

155 1550 253 1601 Totum
268 1556 356 1601 autern
370 1564 476 1599 murum
491 1546 605 1598 exomni
618 1550 690 1611 parte
700 1545 815 1597 turribus
827 1546 1062 1599 contabulaverant
1073 1552 1117 1598 at-

156 1634 207 1685 que
216 1618 266 1667 has
276 1617 356 1669 coriis
368 1616 520 1669 intexerent.
554 1616 625 1667 Tum
635 1614 734 1665 crebris
745 1614 845 1666 diurnis
858 1614 1044 1681 nocturnisque
1053 1632 1116 1667 em·

155 1685 287 1754 ptionibus
299 1690 345 1737 aut
363 1684 457 1755 aggeri
473 1685 563 1753 ignem
580 1683 743 1746 inferebant,
760 1689 807 1734 aut
820 1682 917 1735 milites
933 1690 1078 1751 occupatos
1088 1684 1117 1735 in

157 1771 235 1822 opere
255 1754 451 1817 adoriebantur3
469 1758 495 1805 et
503 1756 651 1805 nostrarum
664 1751 776 1803 torrium
788 1751 966 1818 altitudinem,
983 1759 1116 1820 quantum

155 1824 205 1876 has
218 1824 383 1899 quotidianus
393 1840 477 1893 agger
485 1826 655 1889 expresserat,
661 1821 806 1872 commissis
815 1838 923 1873 suerum
932 1822 1049 1874 turrium
1056 1840 1119 1874 ma·

156 1893 209 1952 lis,
228 1892 421 1960 adaequabant3
440 1898 465 1944 et
476 1896 579 1959 apertos
594 1890 727 1941 cuniculos
738 1895 860 1956 praeusta
873 1896 1050 1958 etpraeacuta
1056 1908 1118 1943 mae

157 1961 224 2016 teria
251 1967 277 2014 et
295 1962 353 2029 pice
369 1963 513 2014 fervefacta
531 1964 557 2011 et
576 1959 689 2016 maximi
711 1958 833 2026 ponderis
852 1960 922 2012 saxis
931 1962 1115 2021 morabantur,

158 2031 343 2096 moenibusque
357 2030 564 2098 adpropinquare
576 2028 756 2095 prohibebant
926 2052 930 2060 s
944 2034 947 2041 '

226 2099 269 2150 23.
288 2100 370 2151 Maris
385 2109 473 2153 autern
487 2100 602 2151 omnibus
614 2098 720 2149 Gallicis
731 2097 796 2149 bace
804 2098 960 2164 seresorma
976 2103 1023 2148 est.
1044 2098 1116 2148 'll-a·

161 2169 204 2220 des
223 2168 353 2230 directae,
374 2176 516 2236 perpetuae
535 2169 564 2219 ia
575 2167 776 2234 longitudinem,
790 2168 900 2233 parites
910 2167 1058 2218 interuallis
1073 2166 1115 2219 di-

160 2242 258 2289 etantes
273 2238 341 2287 inter
353 2254 380 2287 ee
395 2238 465 2288 binos
479 2238 566 2305 pedes,
573 2238 600 2286 in
612 2236 665 2285 salo
679 2236 842 2287 conarentur
847 2253 858 2298 3
874 2236 926 2287 bae
936 2236 1116 2287 revinciuntur

159 2308 284 2358 introrsus
298 2312 324 2357 et
337 2307 415 2356 multo
427 2323 527 2375 aggere
549 2305 701 2357 vectiantar.
736 2305 778 2355 Ea
790 2312 892 2369 andem,
909 2321 977 2371 quae
992 2304 1116 2364 dirimire,

160 2376 300 2426 intervalla
315 2376 458 2443 grandibus
470 2377 596 2441 instante
607 2375 864 2440 eceb-effaretuntur.
907 2374 956 2424 Ha
974 2374 1116 2425 conlocatis

163 2452 189 2497 et
208 2445 397 2513 coagmentatis
413 2444 480 2495 alias
492 2446 596 2510 iamper
605 2444 668 2493 ordo
681 2443 816 2504 adiicitur,
832 2449 863 2493 at
874 2441 944 2494 idern
953 2442 1021 2493 iliad
1031 2444 1115 2493 inter-

162 2515 260 2565 vallum
280 2520 409 2573 semetra,
432 2529 515 2580 neque
535 2515 604 2563 inter
621 2529 650 2563 ee
665 2513 929 2580 continganttrabcs,
945 2511 992 2561 aed
1005 2513 1116 2577 par-ibae

163 2584 323 2635 intenniesae
343 2582 448 2649 spatiis,
471 2583 593 2650 singulae
609 2582 720 2649 nugalia
729 2582 800 2632 eneis
811 2581 964 2642 interiectis,
976 2588 1040 2631 arte
1053 2598 1115 2631 een-

162 2652 303 2705 tineantar.
344 2653 385 2703 stc
406 2652 523 2717 deinceps
543 2667 617 2701 omne
630 2668 694 2717 apes
708 2650 866 2712 cantentur,
893 2650 955 2703 dnn
963 2650 1116 2701 insta‘raare'

165 2722 275 2773 altitude
298 2720 439 2790 repleatur.
481 2720 538 2771 Hoc
555 2737 640 2787 qnnrn·
652 2719 681 2770 in
699 2720 809 2786 speeiern
829 2719 1037 2785 aaddetenqne
1050 2734 1115 2785 opas

165 2790 278 2855 desernit
290 2810 341 2844 nan
352 2798 397 2853 cet,
411 2791 518 2841 alternis
527 2790 644 2841 trabibus
655 2806 687 2840 ae
698 2790 778 2856 sacis,
789 2788 959 2855 quaerelietie
969 2788 1045 2839 lineie
1056 2803 1115 2839 anes

166 2860 267 2911 ordines
274 2867 393 2921 servantr
401 2868 455 2913 tum
464 2860 501 2911 ad
509 2860 651 2911 utilitatem
660 2864 687 2908 et
699 2858 873 2923 desnuianem
879 2857 980 2908 arbium
986 2872 1114 2908 manunt

166 2926 245 2978 babet
254 2929 466 2995 adportanitatem
473 2947 483 2991 ,·
506 2928 573 2996 qnod
583 2928 650 2979 etad
662 2927 780 2978 incendio
794 2928 862 2995 lapis
875 2933 903 2978 et
911 2926 944 2976 ab
958 2926 1044 2977 ariete
1055 2942 1112 2977 ena·

165 2996 240 3079 teria⁸
247 2997 370 3061 defendit,
378 3016 452 3065 quac,
459 2999 591 3065 perpetuis
596 2996 713 3049 trabitur
717 2996 798 3065 pedes
811 2994 1113 3079 qaadiagenoeplem

168 3082 218 3134 ⁹²¹⁰
229 3063 1113 3202 {littat’lltlttwatttffittn

169 3207 287 3267 annon
299 3202 386 3269 [luto],
404 3204 504 3271 frigore
523 3211 548 3256 et
564 3204 679 3255 adsiduis
692 3203 824 3255 imbribus·
832 3203 1011 3263 tardareutnn
1025 3207 1113 3253 tarum

170 3270 309 3323 continenti
319 3270 409 3323 labore
425 3272 514 3323 omnia
525 3274 593 3323 boec
605 3278 793 3337 superaverunt
804 3276 831 3321 et
843 3271 935 3322 diebus
949 3271 1022 3321 xxv
1031 3286 1113 3339 agge

168 3356 240 3400 rem,
256 3340 340 3390 latum
352 3340 429 3403 pedes
441 3341 596 3402 cccxliii,
616 3342 700 3392 ubam
709 3342 789 3406 pedes
798 3340 912 3401 ΙιΧΧΧ,
927 3345 1112 3391 exstruxerunt

171 3409 260 3475 Quum
272 3407 295 3464 ia
309 3422 415 3459 murum
432 3406 547 3459 haram
560 3424 643 3474 paene
656 3408 835 3478 contingeret,
850 3415 878 3461 et
896 3408 1113 3475 Gaeeatdopue
