2317 3809
136 240 138 257 ,
163 179 207 247 ta
422 189 476 246 ou
497 188 641 245 nunno
662 186 851 247 esuurco

164 329 294 380 delectum
307 326 423 381 medium
435 330 492 381 lere
504 329 645 399 regionam
656 346 761 392 mmm,
778 346 845 396 quas
856 328 937 381 Suari
958 329 1122 384 obtinerent:

120 414 124 425 ·
161 398 212 450 uio
223 400 404 465 Romanmum
415 400 554 451 adrentum
567 406 718 467 exspectare
727 408 807 464 atque
821 398 858 450 ibi
869 401 1004 451 decertare
1020 400 1123 451 eonsti-

166 468 255 521 tuisse.
290 468 367 532 Qrsod
381 468 427 519 ubi
441 468 538 520 Caesar
550 469 685 535 comperit,
700 469 821 519 carnibus
832 468 876 519 bis
891 470 969 520 rebus
983 470 1122 532 coniectis,

167 552 280 603 quarum
287 542 475 593 rerumealrssa
483 538 650 589 transducere
660 537 804 589 exercitam
816 537 992 601 constituerat,
1009 546 1039 588 ut
1051 539 1124 589 Ger-

167 605 253 661 manis
266 612 365 657 metum
378 606 507 671 iniiceret,
525 614 554 658 ut
570 606 726 674 Sigambros
735 607 913 668 ulcisceretur,
928 613 959 657 st
974 608 1058 659 Ubios
1070 610 1122 658 ob-

166 674 267 727 sidione
278 674 416 738 liberaret,
433 672 524 737 diebus
537 677 642 727 omuino
656 678 680 728 x
694 684 720 727 et
741 677 802 726 l'lll
820 681 891 727 trem
912 676 1037 727 Rhesum
1055 693 1122 727 cou-

168 743 269 805 sumtis,
286 743 348 795 satis
362 752 387 796 et
400 746 433 795 ad
447 746 552 797 laudem
564 750 592 797 et
603 746 637 797 ad
646 745 791 797 'utilitatem
806 746 954 811 protectum
965 745 1121 809 arbitratus,

168 828 198 866 so
207 812 236 865 in
247 812 363 865 Galliam
370 814 469 880 recepit
482 820 639 881 pontemque
651 814 765 867 rescidit
808 819 810 822 ’

232 906 282 968 ’20.
297 916 402 983 Exigua
415 923 488 983 parte
501 917 606 968 aestatis
618 916 732 983 reliquus,
748 918 861 982 Caesar,
879 917 928 969 etsi
944 916 972 970 in
987 915 1031 968 bis
1042 914 1120 980 locis,

171 986 240 1051 quod
251 985 335 1037 amuis
349 986 438 1037 Gallia
445 986 479 1036 ad
489 986 684 1052 septemtriones
694 986 788 1054 vergit,
805 995 926 1039 maturae
935 992 994 1039 sunt
1006 986 1120 1049 hiemes,

169 1064 258 1107 tamen
277 1054 304 1105 in
323 1054 485 1106 Britanniam
503 1055 634 1123 prolieisei
655 1056 800 1119 contendit,
831 1057 901 1122 quod
919 1054 1039 1107 omnibus
1063 1057 1121 1105 lere

172 1122 282 1174 Gallicis
294 1124 370 1174 bellis
382 1122 501 1175 hostibus
512 1125 606 1175 nostris
619 1123 678 1174 iude
690 1124 885 1176 subministrata
903 1124 1002 1176 auxilia
1016 1124 1120 1175 intelle-

171 1194 263 1259 gebat:
289 1198 328 1254 et,
345 1192 369 1242 si
379 1198 482 1259 tempus
493 1193 553 1244 anni
565 1195 598 1245 ad
610 1194 711 1244 bellmu
725 1196 869 1261 gererrdum
880 1194 1014 1256 deficeret,
1030 1202 1121 1245 tannen

172 1276 271 1328 magno
284 1260 334 1313 sibi
346 1261 405 1312 usui
419 1264 475 1313 lore
488 1263 679 1328 arbitrabatur,
697 1262 721 1314 si
734 1264 812 1313 modo
824 1262 937 1314 insulam
950 1261 1054 1324 adisset,
1071 1280 1120 1330 ge-

120 1350 124 1357 ¹
172 1345 221 1381 nus
247 1329 384 1381 lrominum
405 1330 591 1397 perspexisset,
609 1332 681 1394 loca,
707 1340 810 1398 portus,
833 1332 919 1383 aditus
939 1330 1118 1398 cognovisset:

172 1414 241 1463 qnae
258 1399 346 1450 omnia
368 1400 423 1451 lere
446 1400 530 1451 Gallis
550 1406 624 1451 erant
645 1400 785 1469 incogmta
824 1401 914 1467 Neque
933 1400 1003 1451 enirn
1020 1406 1120 1452 temere

172 1473 276 1533 praeter
289 1475 448 1519 mercatores
459 1469 506 1521 illo
521 1469 575 1525 adit
589 1468 735 1535 quisquam,
752 1486 836 1536 neque
849 1470 883 1520 iis
897 1470 960 1537 ipsis
967 1467 1119 1535 quidquam,

171 1544 276 1601 praeter
288 1551 362 1586 oram
373 1535 541 1586 maritumam
558 1542 636 1601 atque
652 1552 696 1586 cas
711 1536 845 1604 regiones,
864 1554 929 1603 quae
950 1544 1009 1587 sunt
1027 1546 1121 1587 contra

173 1604 298 1669 Galliam,
315 1604 404 1655 notum
418 1611 464 1657 est.
498 1605 599 1671 Itaque,
618 1605 732 1657 evocatis
744 1606 778 1656 ad
791 1622 819 1656 se
834 1606 949 1672 undique
966 1606 1119 1657 mercatori-

171 1672 229 1737 bus,
246 1690 329 1739 neque
338 1680 434 1738 quanta
445 1681 511 1724 esset
521 1673 623 1723 insulae
634 1674 795 1742 magnitudo,
808 1692 891 1739 neque
903 1692 969 1739 qnae
980 1682 1025 1725 aut
1036 1692 1119 1741 quan-

171 1748 215 1795 tae
228 1742 345 1793 nationes
358 1740 513 1804 incolerent,
529 1758 613 1808 neque
630 1760 709 1808 quem
730 1760 808 1793 usum
827 1742 890 1794 belli
906 1745 1044 1806 baberent,
1073 1750 1120 1795 aut

171 1810 266 1877 quibus
277 1810 399 1863 institutis
413 1818 552 1875 uterentur,
569 1828 652 1877 neque
664 1811 709 1878 qui
722 1819 806 1863 essent
820 1812 854 1863 ad
868 1812 1000 1864 maiorum
1011 1812 1118 1865 navium

170 1879 363 1933 multitudinem
377 1880 464 1933 idonei
476 1888 582 1948 portus,
599 1880 713 1949 reperire
725 1888 835 1948 poterat.
884 1898 889 1920 ⁸

240 1984 283 2037 21.
301 1985 342 2037 Ad
362 1985 431 2037 baec
446 1986 642 2053 cognoscenda,
664 1984 838 2052 prius-quam
850 1983 998 2051 periculam
1010 1986 1118 2047 taceret,

169 2053 293 2106 idoneum
303 2071 359 2105 esse
370 2054 512 2125 arbitratus
525 2056 554 2106 Ο.
568 2056 740 2117 Volusenum,
757 2071 819 2105 eum
828 2054 889 2105 uari
903 2055 983 2120 longa
992 2054 1118 2121 praemit·

171 2122 210 2175 tit.
246 2122 317 2173 Huic
330 2124 449 2185 mandat,
469 2122 520 2186 uti,
538 2118 677 2189 exploratis
688 2123 809 2175 omnibus
821 2126 916 2185 rebus,
933 2123 965 2172 ad
989 2139 1017 2173 se
1037 2140 1118 2188 quam

171 2191 289 2258 primum
301 2198 461 2243 revertatur:
478 2192 534 2258 ipse
545 2210 605 2243 eum
621 2192 743 2244 omnibus
759 2192 841 2257 copiis
859 2192 887 2242 in
903 2190 1022 2243 asarinus
1037 2192 1118 2257 proli-

92 2308 96 2321 ,
172 2260 293 2323 eiseitur,
310 2262 380 2325 quod
400 2260 461 2313 iude
478 2267 536 2313 erat
553 2258 729 2313 brevissimus*
741 2260 769 2311 in
780 2261 945 2313 Britanniam
956 2260 1116 2312 annuemus

172 2330 236 2381 Huc
249 2346 327 2381 naves
338 2328 452 2395 undique
462 2346 493 2381 ex
506 2329 633 2382 finitumis
650 2330 802 2397 regionibus
821 2339 861 2392 et,
886 2346 965 2396 qoam
985 2330 1119 2396 superiore
1138 2371 1139 2384 a

143 2416 145 2419 ·
173 2404 272 2450 aestate
282 2400 316 2449 ad
329 2399 481 2449 veneticum
500 2400 600 2451 bellum
619 2400 734 2463 fecerat,
755 2400 866 2454 classem
884 2400 956 2451 iubet
974 2399 1116 2449 convenire.
1138 2397 1139 2406 ’

172 2468 296 2532 Interim,
314 2468 423 2519 coasilio
436 2467 492 2517 eius
505 2469 610 2535 ergnito
624 2477 650 2521 et
662 2486 710 2535 per
719 2457 877 2521 merc'atores
888 2470 989 2535 perlato
1006 2470 1040 2519 ed
1058 2468 1118 2519 Bri-

144 2567 150 2583 x
172 2543 281 2602 tannes,
299 2554 316 2589 a
326 2536 504 2600 compluribus
516 2536 572 2588 eius
582 2537 685 2589 imolae
696 2537 845 2590 ciuitatibus
859 2540 893 2589 ad
906 2556 967 2589 eum
978 2537 1060 2603 legati
1073 2555 1117 2587 sc-

172 2606 259 2671 niunt,
277 2607 322 2674 qui
335 2606 506 2672 polliceantur
517 2606 620 2659 absides
634 2608 698 2659 dare
716 2617 793 2672 atque
813 2608 925 2674 imperio
946 2605 1042 2672 Populi
1063 2608 1117 2656 Ra-
1137 2645 1138 2666 2

172 2676 245 2727 mani
259 2678 453 2743 obtemperare,
480 2676 581 2740 Quibus
599 2676 696 2728 auditis
709 2676 855 2729 liberaliter
876 2675 1008 2743 pollicitus
1027 2678 1117 2725 borm-
1137 2671 1138 2692 ¹

170 2749 278 2809 tueque,
295 2754 324 2797 ut
335 2746 362 2797 in
375 2762 407 2797 ea
419 2744 545 2797 sententia
561 2751 757 2810 permanerent,
774 2763 819 2798 ees
838 2748 947 2797 domam
963 2744 1074 2795 remittit
1093 2751 1117 2795 et

173 2828 234 2863 cum
243 2815 286 2865 his
296 2832 348 2867 une
368 2814 531 2877 Commium,
548 2831 628 2880 quem
646 2814 719 2880 ipse,
736 2815 903 2867 Atrebatibus
918 2814 1060 2881 superatis,
1076 2832 1116 2864 re
1136 2855 1137 2866 2

151 2911 156 2921 ·
172 2896 233 2949 gem
245 2882 284 2935 ibi
295 2883 476 2947 constituerat,
500 2882 575 2935 euius
585 2891 612 2935 et
626 2882 752 2935 dautem
761 2892 787 2936 et
800 2884 937 2936 eonsilium
949 2884 1079 2948 probabat
1092 2888 1116 2932 et
1136 2899 1137 2964 p

171 2966 250 3016 quem
259 2950 310 3002 sibi
323 2952 429 3003 fidelem-
436 2952 629 3015 arbitrabatur,
645 2952 772 3021 cuiusque
790 2954 933 3005 auctoritas
948 2953 977 3003 in
990 2969 1025 3003 us
1045 2952 1115 3019 regi·

170 3019 264 3072 onibus
281 3020 373 3087 magni
390 3022 550 3085 habebatur,
579 3022 669 3074 mittit.
703 3023 776 3073 Huic
794 3022 922 3088 imperat,
946 3038 1012 3088 quas
1027 3022 1114 3088 possit,

169 3090 247 3141 adeat
258 3088 375 3141 civitates
386 3091 569 3157 horteturque,
587 3099 618 3143 ut
630 3090 727 3158 Populi
736 3091 851 3143 Romani
865 3092 945 3145 fldem
962 3102 1113 3156 sequanum

167 3174 247 3224 seque
257 3158 417 3210 celeritereo
429 3166 568 3213 senmrum
587 3159 701 3213 aarum.
735 3162 892 3224 Volusenus,
916 3159 1057 3227 perspectis
1075 3177 1113 3211 re

165 3226 305 3292 glossibus,
322 3233 448 3293 quantum
460 3228 485 3278 ei
495 3229 628 3281 facultatis
641 3230 809 3296 daripotuit,
827 3230 873 3295 qui
894 3230 956 3282 nasi
976 3228 1066 3297 egredi
1084 3245 1113 3279 nc

166 3310 196 3347 se
206 3296 326 3347 barbaris
340 3295 502 3347 committere
514 3312 565 3350 non
577 3298 698 3363 auderet,
717 3299 807 3365 quinto
818 3298 861 3350 die
873 3300 908 3351 nd
922 3300 1112 3351 Caesaremre·

164 3362 290 3428 vestitum
309 3379 426 3430 quaeque
437 3363 476 3416 ibi
487 3366 674 3432 perspexisset,
690 3368 834 3420 manunt.
