<?xml version="1.0" encoding="UTF-8"?>
<!DOCTYPE html PUBLIC "-//W3C//DTD XHTML 1.0 Transitional//EN"
    "http://www.w3.org/TR/xhtml1/DTD/xhtml1-transitional.dtd">
<html xmlns="http://www.w3.org/1999/xhtml" xml:lang="en" lang="en">
 <head>
  <title>
</title>
<meta http-equiv="Content-Type" content="text/html;charset=utf-8" />
  <meta name='ocr-system' content='tesseract 3.04.00' />
  <meta name='ocr-capabilities' content='ocr_page ocr_carea ocr_par ocr_line ocrx_word'/>
</head>
<body>
  <div class='ocr_page' id='page_1' title='image "./cjuliicaesarisc04caesgoog_0071.png"; bbox 0 0 2317 3809; ppageno 0'>
   <div class='ocr_carea' id='block_1_1' title="bbox 333 113 1014 212">
    <p class='ocr_par' dir='ltr' id='par_1_1' title="bbox 333 113 1014 212">
     <span class='ocr_line' id='line_1_1' title="bbox 333 113 1014 212; baseline 0.001 -3"><span class='ocrx_word' id='word_1_1' title='bbox 333 154 415 210; x_wconf 79' lang='lat' dir='ltr'><strong>usn.</strong></span> <span class='ocrx_word' id='word_1_2' title='bbox 432 154 476 209; x_wconf 79' lang='lat' dir='ltr'><strong>tv.</strong></span> <span class='ocrx_word' id='word_1_3' title='bbox 511 154 599 211; x_wconf 81' lang='lat' dir='ltr'><strong>can.</strong></span> <span class='ocrx_word' id='word_1_4' title='bbox 615 113 740 212; x_wconf 72' lang='lat' dir='ltr'><strong>is-ts.</strong></span> <span class='ocrx_word' id='word_1_5' title='bbox 921 118 927 125; x_wconf 72' lang='grc'><em>’</em></span> <span class='ocrx_word' id='word_1_6' title='bbox 972 144 1014 211; x_wconf 80' lang='lat' dir='ltr'><strong>tt</strong></span> 
     </span>
    </p>
   </div>
   <div class='ocr_carea' id='block_1_2' title="bbox 55 292 1042 2711">
    <p class='ocr_par' dir='ltr' id='par_1_2' title="bbox 55 292 1042 2157">
     <span class='ocr_line' id='line_1_2' title="bbox 120 292 1016 364; baseline 0.001 -19"><span class='ocrx_word' id='word_1_7' title='bbox 120 292 176 345; x_wconf 82' lang='lat' dir='ltr'><strong>·1a.</strong></span> <span class='ocrx_word' id='word_1_8' title='bbox 193 293 299 347; x_wconf 78' lang='lat' dir='ltr'><strong>¹ilssesar</strong></span> <span class='ocrx_word' id='word_1_9' title='bbox 314 293 357 347; x_wconf 78' lang='lat' dir='ltr'><strong>bii</strong></span> <span class='ocrx_word' id='word_1_10' title='bbox 374 295 408 347; x_wconf 90' lang='lat' dir='ltr'><strong>de</strong></span> <span class='ocrx_word' id='word_1_11' title='bbox 428 294 542 359; x_wconf 80' lang='lat' dir='ltr'><strong>caussis,</strong></span> <span class='ocrx_word' id='word_1_12' title='bbox 566 311 631 364; x_wconf 80' lang='lat' dir='ltr'><strong>ques</strong></span> <span class='ocrx_word' id='word_1_13' title='bbox 650 294 869 359; x_wconf 71' lang='lat' dir='ltr'><strong>commonui,</strong></span> <span class='ocrx_word' id='word_1_14' title='bbox 891 294 1016 347; x_wconf 72' lang='lat' dir='ltr'><strong>Rhenum</strong></span> 
     </span>
     <span class='ocr_line' id='line_1_3' title="bbox 64 362 1016 432; baseline 0.003 -19"><span class='ocrx_word' id='word_1_15' title='bbox 64 362 175 415; x_wconf 73' lang='lat' dir='ltr'><strong>trusire</strong></span> <span class='ocrx_word' id='word_1_16' title='bbox 187 363 352 427; x_wconf 57' lang='lat' dir='ltr'><strong>decreveram</strong></span> <span class='ocrx_word' id='word_1_17' title='bbox 369 365 413 415; x_wconf 87' lang='lat' dir='ltr'><strong>sed</strong></span> <span class='ocrx_word' id='word_1_18' title='bbox 424 364 535 417; x_wconf 78' lang='lat' dir='ltr'><strong>nasibus</strong></span> <span class='ocrx_word' id='word_1_19' title='bbox 546 366 673 428; x_wconf 67' lang='lat' dir='ltr'><strong>aenaim,</strong></span> <span class='ocrx_word' id='word_1_20' title='bbox 689 382 774 432; x_wconf 82' lang='lat' dir='ltr'><strong>aeque</strong></span> <span class='ocrx_word' id='word_1_21' title='bbox 786 366 849 418; x_wconf 75' lang='lat' dir='ltr'><strong>ntis</strong></span> <span class='ocrx_word' id='word_1_22' title='bbox 860 369 947 416; x_wconf 86' lang='lat' dir='ltr'><strong>tutam</strong></span> <span class='ocrx_word' id='word_1_23' title='bbox 958 380 1016 416; x_wconf 81' lang='lat' dir='ltr'><strong>esec</strong></span> 
     </span>
     <span class='ocr_line' id='line_1_4' title="bbox 65 430 1016 501; baseline 0.003 -19"><span class='ocrx_word' id='word_1_24' title='bbox 65 430 257 495; x_wconf 75' lang='lat' dir='ltr'><strong>arbitrabatur,</strong></span> <span class='ocrx_word' id='word_1_25' title='bbox 274 450 358 499; x_wconf 84' lang='lat' dir='ltr'><strong>nsque</strong></span> <span class='ocrx_word' id='word_1_26' title='bbox 372 450 435 485; x_wconf 83' lang='lat' dir='ltr'><strong>suae</strong></span> <span class='ocrx_word' id='word_1_27' title='bbox 453 451 538 499; x_wconf 67' lang='lat' dir='ltr'><strong>reoque</strong></span> <span class='ocrx_word' id='word_1_28' title='bbox 554 434 652 500; x_wconf 82' lang='lat' dir='ltr'><strong>Populi</strong></span> <span class='ocrx_word' id='word_1_29' title='bbox 669 433 786 486; x_wconf 86' lang='lat' dir='ltr'><strong>Romani</strong></span> <span class='ocrx_word' id='word_1_30' title='bbox 804 431 940 501; x_wconf 77' lang='lat' dir='ltr'><strong>dignitatis</strong></span> <span class='ocrx_word' id='word_1_31' title='bbox 958 449 1016 485; x_wconf 83' lang='lat' dir='ltr'><strong>osso</strong></span> 
     </span>
     <span class='ocr_line' id='line_1_5' title="bbox 64 501 1016 567; baseline 0.001 -16"><span class='ocrx_word' id='word_1_32' title='bbox 64 502 201 553; x_wconf 83' lang='lat' dir='ltr'><strong>statuebat.</strong></span> <span class='ocrx_word' id='word_1_33' title='bbox 235 502 343 567; x_wconf 81' lang='lat' dir='ltr'><strong>ltaque,</strong></span> <span class='ocrx_word' id='word_1_34' title='bbox 367 502 417 553; x_wconf 82' lang='lat' dir='ltr'><strong>etsi</strong></span> <span class='ocrx_word' id='word_1_35' title='bbox 428 520 533 555; x_wconf 81' lang='lat' dir='ltr'><strong>summa</strong></span> <span class='ocrx_word' id='word_1_36' title='bbox 550 503 694 556; x_wconf 80' lang='lat' dir='ltr'><strong>difficultas</strong></span> <span class='ocrx_word' id='word_1_37' title='bbox 716 502 833 555; x_wconf 82' lang='lat' dir='ltr'><strong>faciundi</strong></span> <span class='ocrx_word' id='word_1_38' title='bbox 851 501 935 567; x_wconf 75' lang='lat' dir='ltr'><strong>ponta</strong></span> <span class='ocrx_word' id='word_1_39' title='bbox 953 518 1016 567; x_wconf 84' lang='lat' dir='ltr'><strong>pro·</strong></span> 
     </span>
     <span class='ocr_line' id='line_1_6' title="bbox 64 570 1014 640; baseline 0.001 -21"><span class='ocrx_word' id='word_1_40' title='bbox 64 571 208 634; x_wconf 84' lang='lat' dir='ltr'><strong>ponebatur</strong></span> <span class='ocrx_word' id='word_1_41' title='bbox 226 580 332 637; x_wconf 86' lang='lat' dir='ltr'><strong>propter</strong></span> <span class='ocrx_word' id='word_1_42' title='bbox 347 570 526 635; x_wconf 85' lang='lat' dir='ltr'><strong>latitudinem,</strong></span> <span class='ocrx_word' id='word_1_43' title='bbox 548 572 716 639; x_wconf 73' lang='lat' dir='ltr'><strong>rapiditatem</strong></span> <span class='ocrx_word' id='word_1_44' title='bbox 735 570 951 640; x_wconf 81' lang='lat' dir='ltr'><strong>uitiardincmquc</strong></span> <span class='ocrx_word' id='word_1_45' title='bbox 962 570 1014 621; x_wconf 81' lang='lat' dir='ltr'><strong>uu-</strong></span> 
     </span>
     <span class='ocr_line' id='line_1_7' title="bbox 63 638 1014 705; baseline 0.001 -17"><span class='ocrx_word' id='word_1_46' title='bbox 63 638 155 701; x_wconf 89' lang='lat' dir='ltr'><strong>miuis,</strong></span> <span class='ocrx_word' id='word_1_47' title='bbox 173 640 262 691; x_wconf 69' lang='lat' dir='ltr'><strong>naseu</strong></span> <span class='ocrx_word' id='word_1_48' title='bbox 273 639 299 692; x_wconf 92' lang='lat' dir='ltr'><strong>id</strong></span> <span class='ocrx_word' id='word_1_49' title='bbox 312 639 362 693; x_wconf 84' lang='lat' dir='ltr'><strong>sibi</strong></span> <span class='ocrx_word' id='word_1_50' title='bbox 377 642 597 705; x_wconf 83' lang='lat' dir='ltr'><strong>contendendum,</strong></span> <span class='ocrx_word' id='word_1_51' title='bbox 617 650 664 693; x_wconf 86' lang='lat' dir='ltr'><strong>aut</strong></span> <span class='ocrx_word' id='word_1_52' title='bbox 679 642 758 694; x_wconf 87' lang='lat' dir='ltr'><strong>aliter</strong></span> <span class='ocrx_word' id='word_1_53' title='bbox 777 658 830 692; x_wconf 92' lang='lat' dir='ltr'><strong>non</strong></span> <span class='ocrx_word' id='word_1_54' title='bbox 845 639 1014 691; x_wconf 86' lang='lat' dir='ltr'><strong>transducen-</strong></span> 
     </span>
     <span class='ocr_line' id='line_1_8' title="bbox 63 706 1013 778; baseline 0.002 -21"><span class='ocrx_word' id='word_1_55' title='bbox 63 707 127 757; x_wconf 88' lang='lat' dir='ltr'><strong>dum</strong></span> <span class='ocrx_word' id='word_1_56' title='bbox 145 707 304 773; x_wconf 78' lang='lat' dir='ltr'><strong>exercituin,</strong></span> <span class='ocrx_word' id='word_1_57' title='bbox 330 707 502 769; x_wconf 83' lang='lat' dir='ltr'><strong>existimabat.</strong></span> <span class='ocrx_word' id='word_1_58' title='bbox 537 710 679 763; x_wconf 72' lang='lat' dir='ltr'><strong>Ratiom</strong></span> <span class='ocrx_word' id='word_1_59' title='bbox 696 710 782 778; x_wconf 86' lang='lat' dir='ltr'><strong>pontis</strong></span> <span class='ocrx_word' id='word_1_60' title='bbox 805 709 876 761; x_wconf 80' lang='lat' dir='ltr'><strong>banc</strong></span> <span class='ocrx_word' id='word_1_61' title='bbox 892 706 1013 759; x_wconf 83' lang='lat' dir='ltr'><strong>imtituit.</strong></span> 
     </span>
     <span class='ocr_line' id='line_1_9' title="bbox 68 777 1015 849; baseline 0.004 -23"><span class='ocrx_word' id='word_1_62' title='bbox 68 777 155 844; x_wconf 82' lang='lat' dir='ltr'><strong>Tigna</strong></span> <span class='ocrx_word' id='word_1_63' title='bbox 167 778 228 827; x_wconf 81' lang='lat' dir='ltr'><strong>bino</strong></span> <span class='ocrx_word' id='word_1_64' title='bbox 239 778 444 846; x_wconf 75' lang='lat' dir='ltr'><strong>sesquipedalia,</strong></span> <span class='ocrx_word' id='word_1_65' title='bbox 459 780 578 847; x_wconf 88' lang='lat' dir='ltr'><strong>paullum</strong></span> <span class='ocrx_word' id='word_1_66' title='bbox 599 782 633 831; x_wconf 89' lang='lat' dir='ltr'><strong>ab</strong></span> <span class='ocrx_word' id='word_1_67' title='bbox 650 782 702 835; x_wconf 85' lang='lat' dir='ltr'><strong>imo</strong></span> <span class='ocrx_word' id='word_1_68' title='bbox 718 786 881 849; x_wconf 73' lang='lat' dir='ltr'><strong>praeacuta,</strong></span> <span class='ocrx_word' id='word_1_69' title='bbox 896 777 1015 830; x_wconf 71' lang='lat' dir='ltr'><strong>dinem</strong></span> 
     </span>
     <span class='ocr_line' id='line_1_10' title="bbox 63 846 1014 916; baseline 0.001 -20"><span class='ocrx_word' id='word_1_70' title='bbox 63 846 101 895; x_wconf 91' lang='lat' dir='ltr'><strong>ad</strong></span> <span class='ocrx_word' id='word_1_71' title='bbox 114 847 280 899; x_wconf 75' lang='lat' dir='ltr'><strong>altitudinem</strong></span> <span class='ocrx_word' id='word_1_72' title='bbox 288 849 418 916; x_wconf 79' lang='lat' dir='ltr'><strong>fluminis,</strong></span> <span class='ocrx_word' id='word_1_73' title='bbox 435 849 570 901; x_wconf 83' lang='lat' dir='ltr'><strong>intervallo</strong></span> <span class='ocrx_word' id='word_1_74' title='bbox 579 850 678 916; x_wconf 82' lang='lat' dir='ltr'><strong>pedum</strong></span> <span class='ocrx_word' id='word_1_75' title='bbox 690 850 800 901; x_wconf 67' lang='lat' dir='ltr'><strong>duona»</strong></span> <span class='ocrx_word' id='word_1_76' title='bbox 814 848 883 903; x_wconf 80' lang='lat' dir='ltr'><strong>intes</strong></span> <span class='ocrx_word' id='word_1_77' title='bbox 905 864 933 897; x_wconf 85' lang='lat' dir='ltr'><strong>sc</strong></span> <span class='ocrx_word' id='word_1_78' title='bbox 941 846 1014 896; x_wconf 75' lang='grc' dir='ltr'>-ἰιιπ-</span> 
     </span>
     <span class='ocr_line' id='line_1_11' title="bbox 62 914 1014 987; baseline 0.002 -22"><span class='ocrx_word' id='word_1_79' title='bbox 62 914 152 981; x_wconf 82' lang='lat' dir='ltr'><strong>gebat.</strong></span> <span class='ocrx_word' id='word_1_80' title='bbox 187 916 351 984; x_wconf 77' lang='lat' dir='ltr'><strong>Haec-pauni</strong></span> <span class='ocrx_word' id='word_1_81' title='bbox 364 917 597 970; x_wconf 72' lang='lat' dir='ltr'><strong>machinationibus</strong></span> <span class='ocrx_word' id='word_1_82' title='bbox 611 920 718 970; x_wconf 79' lang='lat' dir='ltr'><strong>iamim</strong></span> <span class='ocrx_word' id='word_1_83' title='bbox 731 921 760 970; x_wconf 87' lang='lat' dir='ltr'><strong>in</strong></span> <span class='ocrx_word' id='word_1_84' title='bbox 768 920 870 987; x_wconf 72' lang='lat' dir='ltr'><strong>flumen</strong></span> <span class='ocrx_word' id='word_1_85' title='bbox 887 917 1014 982; x_wconf 74' lang='lat' dir='ltr'><strong>defixerat</strong></span> 
     </span>
     <span class='ocr_line' id='line_1_12' title="bbox 56 984 1014 1054; baseline 0 -19"><span class='ocrx_word' id='word_1_86' title='bbox 56 984 207 1051; x_wconf 78' lang='lat' dir='ltr'><strong>statutisque</strong></span> <span class='ocrx_word' id='word_1_87' title='bbox 225 986 369 1053; x_wconf 76' lang='lat' dir='ltr'><strong>adegerat,</strong></span> <span class='ocrx_word' id='word_1_88' title='bbox 391 1004 442 1042; x_wconf 86' lang='lat' dir='ltr'><strong>uon</strong></span> <span class='ocrx_word' id='word_1_89' title='bbox 452 989 564 1040; x_wconf 81' lang='lat' dir='ltr'><strong>sublicae</strong></span> <span class='ocrx_word' id='word_1_90' title='bbox 579 988 654 1039; x_wconf 81' lang='lat' dir='ltr'><strong>modo</strong></span> <span class='ocrx_word' id='word_1_91' title='bbox 669 990 773 1040; x_wconf 69' lang='lat' dir='ltr'><strong>duecte</strong></span> <span class='ocrx_word' id='word_1_92' title='bbox 791 988 828 1038; x_wconf 86' lang='lat' dir='ltr'><strong>ud</strong></span> <span class='ocrx_word' id='word_1_93' title='bbox 841 984 1014 1054; x_wconf 84' lang='lat' dir='ltr'><strong>perpendicu-</strong></span> 
     </span>
     <span class='ocr_line' id='line_1_13' title="bbox 63 1054 1012 1125; baseline 0.006 -23"><span class='ocrx_word' id='word_1_94' title='bbox 63 1054 124 1115; x_wconf 85' lang='lat' dir='ltr'><strong>lum,</strong></span> <span class='ocrx_word' id='word_1_95' title='bbox 141 1054 187 1105; x_wconf 79' lang='lat' dir='ltr'><strong>sesi</strong></span> <span class='ocrx_word' id='word_1_96' title='bbox 198 1070 285 1123; x_wconf 79' lang='lat' dir='ltr'><strong>prona</strong></span> <span class='ocrx_word' id='word_1_97' title='bbox 297 1073 328 1105; x_wconf 87' lang='lat' dir='ltr'><strong>uc</strong></span> <span class='ocrx_word' id='word_1_98' title='bbox 335 1056 481 1125; x_wconf 79' lang='lat' dir='ltr'><strong>fastigata,</strong></span> <span class='ocrx_word' id='word_1_99' title='bbox 498 1064 528 1109; x_wconf 85' lang='lat' dir='ltr'><strong>ut</strong></span> <span class='ocrx_word' id='word_1_100' title='bbox 542 1058 682 1110; x_wconf 77' lang='lat' dir='ltr'><strong>secundum</strong></span> <span class='ocrx_word' id='word_1_101' title='bbox 694 1066 816 1124; x_wconf 61' lang='lat' dir='ltr'><strong>namnam</strong></span> <span class='ocrx_word' id='word_1_102' title='bbox 824 1054 941 1123; x_wconf 74' lang='lat' dir='ltr'><strong>fluminis</strong></span> <span class='ocrx_word' id='word_1_103' title='bbox 949 1070 1012 1120; x_wconf 81' lang='lat' dir='ltr'><strong>pro·</strong></span> 
     </span>
     <span class='ocr_line' id='line_1_14' title="bbox 62 1121 1012 1188; baseline 0.002 -17"><span class='ocrx_word' id='word_1_104' title='bbox 62 1121 224 1173; x_wconf 76' lang='lat' dir='ltr'><strong>comburent:</strong></span> <span class='ocrx_word' id='word_1_105' title='bbox 240 1124 273 1176; x_wconf 86' lang='lat' dir='ltr'><strong>iis</strong></span> <span class='ocrx_word' id='word_1_106' title='bbox 287 1125 350 1177; x_wconf 82' lang='lat' dir='ltr'><strong>iteca</strong></span> <span class='ocrx_word' id='word_1_107' title='bbox 364 1128 495 1177; x_wconf 79' lang='lat' dir='ltr'><strong>cositraria</strong></span> <span class='ocrx_word' id='word_1_108' title='bbox 513 1126 589 1188; x_wconf 88' lang='lat' dir='ltr'><strong>bina,</strong></span> <span class='ocrx_word' id='word_1_109' title='bbox 606 1128 643 1177; x_wconf 88' lang='lat' dir='ltr'><strong>ad</strong></span> <span class='ocrx_word' id='word_1_110' title='bbox 654 1128 771 1177; x_wconf 72' lang='lat' dir='ltr'><strong>mandem</strong></span> <span class='ocrx_word' id='word_1_111' title='bbox 781 1126 893 1188; x_wconf 66' lang='lat' dir='ltr'><strong>audura</strong></span> <span class='ocrx_word' id='word_1_112' title='bbox 913 1123 1012 1185; x_wconf 85' lang='lat' dir='ltr'><strong>iuncta,</strong></span> 
     </span>
     <span class='ocr_line' id='line_1_15' title="bbox 61 1191 1012 1263; baseline 0.006 -23"><span class='ocrx_word' id='word_1_113' title='bbox 61 1191 198 1243; x_wconf 70' lang='lat' dir='ltr'><strong>intentatio</strong></span> <span class='ocrx_word' id='word_1_114' title='bbox 212 1193 309 1261; x_wconf 87' lang='lat' dir='ltr'><strong>pedum</strong></span> <span class='ocrx_word' id='word_1_115' title='bbox 321 1194 533 1263; x_wconf 71' lang='lat' dir='ltr'><strong>quadragenum,</strong></span> <span class='ocrx_word' id='word_1_116' title='bbox 551 1196 584 1247; x_wconf 90' lang='lat' dir='ltr'><strong>ab</strong></span> <span class='ocrx_word' id='word_1_117' title='bbox 602 1195 724 1261; x_wconf 75' lang='lat' dir='ltr'><strong>inferiore</strong></span> <span class='ocrx_word' id='word_1_118' title='bbox 736 1191 827 1261; x_wconf 78' lang='lat' dir='ltr'><strong>parii,</strong></span> <span class='ocrx_word' id='word_1_119' title='bbox 849 1200 940 1245; x_wconf 83' lang='lat' dir='ltr'><strong>contra</strong></span> <span class='ocrx_word' id='word_1_120' title='bbox 958 1192 1012 1241; x_wconf 81' lang='lat' dir='ltr'><strong>vim</strong></span> 
     </span>
     <span class='ocr_line' id='line_1_16' title="bbox 61 1260 1012 1331; baseline 0.002 -21"><span class='ocrx_word' id='word_1_121' title='bbox 61 1266 140 1327; x_wconf 80' lang='lat' dir='ltr'><strong>atque</strong></span> <span class='ocrx_word' id='word_1_122' title='bbox 152 1261 269 1327; x_wconf 87' lang='lat' dir='ltr'><strong>inpetum</strong></span> <span class='ocrx_word' id='word_1_123' title='bbox 275 1264 394 1329; x_wconf 72' lang='lat' dir='ltr'><strong>fluminis</strong></span> <span class='ocrx_word' id='word_1_124' title='bbox 407 1280 529 1315; x_wconf 80' lang='lat' dir='ltr'><strong>conuersa</strong></span> <span class='ocrx_word' id='word_1_125' title='bbox 543 1265 684 1319; x_wconf 79' lang='lat' dir='ltr'><strong>statuebat.</strong></span> <span class='ocrx_word' id='word_1_126' title='bbox 720 1265 795 1329; x_wconf 77' lang='lat' dir='ltr'><strong>llaec</strong></span> <span class='ocrx_word' id='word_1_127' title='bbox 812 1270 923 1331; x_wconf 65' lang='lat' dir='ltr'><strong>mopso</strong></span> <span class='ocrx_word' id='word_1_128' title='bbox 939 1260 1012 1312; x_wconf 80' lang='lat' dir='ltr'><strong>iasu-</strong></span> 
     </span>
     <span class='ocr_line' id='line_1_17' title="bbox 58 1328 1012 1401; baseline 0 -22"><span class='ocrx_word' id='word_1_129' title='bbox 58 1344 108 1395; x_wconf 81' lang='lat' dir='ltr'><strong>per</strong></span> <span class='ocrx_word' id='word_1_130' title='bbox 118 1328 278 1397; x_wconf 72' lang='lat' dir='ltr'><strong>bipedalibus</strong></span> <span class='ocrx_word' id='word_1_131' title='bbox 289 1332 404 1383; x_wconf 83' lang='lat' dir='ltr'><strong>trabibus</strong></span> <span class='ocrx_word' id='word_1_132' title='bbox 417 1334 541 1393; x_wconf 82' lang='lat' dir='ltr'><strong>inmissis,</strong></span> <span class='ocrx_word' id='word_1_133' title='bbox 559 1341 686 1401; x_wconf 75' lang='lat' dir='ltr'><strong>quantum</strong></span> <span class='ocrx_word' id='word_1_134' title='bbox 703 1350 791 1387; x_wconf 78' lang='lat' dir='ltr'><strong>corma</strong></span> <span class='ocrx_word' id='word_1_135' title='bbox 802 1330 936 1400; x_wconf 80' lang='lat' dir='ltr'><strong>tignorum</strong></span> <span class='ocrx_word' id='word_1_136' title='bbox 951 1330 1012 1380; x_wconf 85' lang='lat' dir='ltr'><strong>iuu-</strong></span> 
     </span>
     <span class='ocr_line' id='line_1_18' title="bbox 60 1399 1011 1473; baseline 0 -25"><span class='ocrx_word' id='word_1_137' title='bbox 60 1404 137 1449; x_wconf 81' lang='lat' dir='ltr'><strong>ctura</strong></span> <span class='ocrx_word' id='word_1_138' title='bbox 151 1399 283 1470; x_wconf 51' lang='lat' dir='ltr'><strong>dictatu,</strong></span> <span class='ocrx_word' id='word_1_139' title='bbox 302 1400 367 1451; x_wconf 89' lang='lat' dir='ltr'><strong>binis</strong></span> <span class='ocrx_word' id='word_1_140' title='bbox 377 1403 505 1473; x_wconf 74' lang='lat' dir='ltr'><strong>utrimque</strong></span> <span class='ocrx_word' id='word_1_141' title='bbox 510 1402 652 1468; x_wconf 27' lang='lat' dir='ltr'><strong>fibulis‘nb</strong></span> <span class='ocrx_word' id='word_1_142' title='bbox 665 1411 781 1455; x_wconf 65' lang='lat' dir='ltr'><strong>enecata</strong></span> <span class='ocrx_word' id='word_1_143' title='bbox 794 1410 885 1471; x_wconf 86' lang='lat' dir='ltr'><strong>parte,</strong></span> <span class='ocrx_word' id='word_1_144' title='bbox 903 1400 1011 1451; x_wconf 72' lang='lat' dir='ltr'><strong>distinci-</strong></span> 
     </span>
     <span class='ocr_line' id='line_1_19' title="bbox 61 1466 1012 1539; baseline 0 -22"><span class='ocrx_word' id='word_1_145' title='bbox 61 1466 171 1517; x_wconf 82' lang='lat' dir='ltr'><strong>bantur.-</strong></span> <span class='ocrx_word' id='word_1_146' title='bbox 188 1470 280 1536; x_wconf 75' lang='lat' dir='ltr'><strong>quibus</strong></span> <span class='ocrx_word' id='word_1_147' title='bbox 301 1470 418 1521; x_wconf 83' lang='lat' dir='ltr'><strong>disclusis</strong></span> <span class='ocrx_word' id='word_1_148' title='bbox 431 1478 518 1536; x_wconf 30' lang='lat' dir='ltr'><strong>,atquc</strong></span> <span class='ocrx_word' id='word_1_149' title='bbox 536 1472 564 1521; x_wconf 84' lang='lat' dir='ltr'><strong>ia</strong></span> <span class='ocrx_word' id='word_1_150' title='bbox 584 1473 742 1523; x_wconf 79' lang='lat' dir='ltr'><strong>contrariom</strong></span> <span class='ocrx_word' id='word_1_151' title='bbox 757 1481 864 1539; x_wconf 81' lang='lat' dir='ltr'><strong>partem</strong></span> <span class='ocrx_word' id='word_1_152' title='bbox 884 1468 1012 1528; x_wconf 71' lang='lat' dir='ltr'><strong>accinctis,</strong></span> 
     </span>
     <span class='ocr_line' id='line_1_20' title="bbox 55 1536 1012 1608; baseline 0.007 -21"><span class='ocrx_word' id='word_1_153' title='bbox 55 1536 138 1587; x_wconf 83' lang='lat' dir='ltr'><strong>&#39;tanta</strong></span> <span class='ocrx_word' id='word_1_154' title='bbox 153 1544 214 1589; x_wconf 85' lang='lat' dir='ltr'><strong>erat</strong></span> <span class='ocrx_word' id='word_1_155' title='bbox 224 1538 449 1605; x_wconf 71' lang='lat' dir='ltr'><strong>opers‘sfirsaitudo</strong></span> <span class='ocrx_word' id='word_1_156' title='bbox 463 1546 541 1607; x_wconf 79' lang='lat' dir='ltr'><strong>atque</strong></span> <span class='ocrx_word' id='word_1_157' title='bbox 556 1556 589 1589; x_wconf 89' lang='lat' dir='ltr'><strong>ea</strong></span> <span class='ocrx_word' id='word_1_158' title='bbox 598 1557 685 1591; x_wconf 81' lang='lat' dir='ltr'><strong>recusa</strong></span> <span class='ocrx_word' id='word_1_159' title='bbox 698 1548 810 1603; x_wconf 71' lang='lat' dir='ltr'><strong>namra,</strong></span> <span class='ocrx_word' id='word_1_160' title='bbox 831 1546 875 1601; x_wconf 79' lang='lat' dir='ltr'><strong>stt,</strong></span> <span class='ocrx_word' id='word_1_161' title='bbox 892 1554 940 1608; x_wconf 73' lang='lat' dir='ltr'><strong><em>th</em></strong></span> <span class='ocrx_word' id='word_1_162' title='bbox 952 1552 1012 1585; x_wconf 70' lang='lat' dir='ltr'><strong>ma·</strong></span> 
     </span>
     <span class='ocr_line' id='line_1_21' title="bbox 60 1605 1012 1678; baseline -0.001 -23"><span class='ocrx_word' id='word_1_163' title='bbox 60 1605 101 1655; x_wconf 82' lang='lat' dir='ltr'><strong>ior</strong></span> <span class='ocrx_word' id='word_1_164' title='bbox 113 1606 152 1655; x_wconf 85' lang='lat' dir='ltr'><strong>cis</strong></span> <span class='ocrx_word' id='word_1_165' title='bbox 162 1622 249 1673; x_wconf 77' lang='lat' dir='ltr'><strong>aquae</strong></span> <span class='ocrx_word' id='word_1_166' title='bbox 261 1623 287 1657; x_wconf 86' lang='lat' dir='ltr'><strong>se</strong></span> <span class='ocrx_word' id='word_1_167' title='bbox 299 1608 465 1671; x_wconf 83' lang='lat' dir='ltr'><strong>incitaaiestt,</strong></span> <span class='ocrx_word' id='word_1_168' title='bbox 482 1608 527 1659; x_wconf 85' lang='lat' dir='ltr'><strong>boc</strong></span> <span class='ocrx_word' id='word_1_169' title='bbox 540 1610 625 1659; x_wconf 81' lang='lat' dir='ltr'><strong>artius</strong></span> <span class='ocrx_word' id='word_1_170' title='bbox 634 1610 750 1678; x_wconf 78' lang='lat' dir='ltr'><strong>inligata</strong></span> <span class='ocrx_word' id='word_1_171' title='bbox 759 1616 915 1661; x_wconf 82' lang='lat' dir='ltr'><strong>tenerentur.</strong></span> <span class='ocrx_word' id='word_1_172' title='bbox 937 1605 1012 1656; x_wconf 85' lang='lat' dir='ltr'><strong>Haec</strong></span> 
     </span>
     <span class='ocr_line' id='line_1_22' title="bbox 60 1674 1013 1745; baseline -0.002 -20"><span class='ocrx_word' id='word_1_173' title='bbox 60 1674 167 1727; x_wconf 71' lang='lat' dir='ltr'><strong>deceta</strong></span> <span class='ocrx_word' id='word_1_174' title='bbox 184 1677 294 1727; x_wconf 84' lang='lat' dir='ltr'><strong>materis</strong></span> <span class='ocrx_word' id='word_1_175' title='bbox 316 1677 412 1745; x_wconf 80' lang='lat' dir='ltr'><strong>iniecta</strong></span> <span class='ocrx_word' id='word_1_176' title='bbox 430 1677 630 1729; x_wconf 72' lang='lat' dir='ltr'><strong>contexebantur</strong></span> <span class='ocrx_word' id='word_1_177' title='bbox 649 1686 675 1730; x_wconf 91' lang='lat' dir='ltr'><strong>et</strong></span> <span class='ocrx_word' id='word_1_178' title='bbox 695 1680 719 1731; x_wconf 89' lang='lat' dir='ltr'><strong>io</strong></span> <span class='ocrx_word' id='word_1_179' title='bbox 776 1681 822 1729; x_wconf 84' lang='lat' dir='ltr'><strong>riis</strong></span> <span class='ocrx_word' id='word_1_180' title='bbox 848 1674 1013 1741; x_wconf 75' lang='lat' dir='ltr'><strong>cratibusque</strong></span> 
     </span>
     <span class='ocr_line' id='line_1_23' title="bbox 60 1744 1013 1813; baseline -0.002 -16"><span class='ocrx_word' id='word_1_181' title='bbox 60 1744 303 1797; x_wconf 69' lang='lat' dir='ltr'><strong>consternebantur:</strong></span> <span class='ocrx_word' id='word_1_182' title='bbox 321 1762 352 1796; x_wconf 92' lang='lat' dir='ltr'><strong>ac</strong></span> <span class='ocrx_word' id='word_1_183' title='bbox 362 1745 534 1799; x_wconf 73' lang='lat' dir='ltr'><strong>nihilosecius</strong></span> <span class='ocrx_word' id='word_1_184' title='bbox 543 1748 657 1799; x_wconf 72' lang='lat' dir='ltr'><strong>sublicae</strong></span> <span class='ocrx_word' id='word_1_185' title='bbox 669 1754 695 1799; x_wconf 88' lang='lat' dir='ltr'><strong>ct</strong></span> <span class='ocrx_word' id='word_1_186' title='bbox 753 1748 900 1813; x_wconf 79' lang='lat' dir='ltr'><strong>inferiorem</strong></span> <span class='ocrx_word' id='word_1_187' title='bbox 908 1752 1013 1811; x_wconf 77' lang='lat' dir='ltr'><strong>purten</strong></span> 
     </span>
     <span class='ocr_line' id='line_1_24' title="bbox 56 1813 1042 1883; baseline -0.002 -20"><span class='ocrx_word' id='word_1_188' title='bbox 56 1814 175 1878; x_wconf 79' lang='lat' dir='ltr'><strong>fluminis</strong></span> <span class='ocrx_word' id='word_1_189' title='bbox 189 1813 291 1881; x_wconf 67' lang='lat' dir='ltr'><strong>ubique,</strong></span> <span class='ocrx_word' id='word_1_190' title='bbox 302 1814 463 1882; x_wconf 82' lang='lat' dir='ltr'><strong>agebantur,</strong></span> <span class='ocrx_word' id='word_1_191' title='bbox 487 1832 568 1883; x_wconf 79' lang='lat' dir='ltr'><strong>puae,</strong></span> <span class='ocrx_word' id='word_1_192' title='bbox 588 1833 637 1882; x_wconf 86' lang='lat' dir='ltr'><strong>pro</strong></span> <span class='ocrx_word' id='word_1_193' title='bbox 656 1817 740 1868; x_wconf 84' lang='lat' dir='ltr'><strong>ariete</strong></span> <span class='ocrx_word' id='word_1_194' title='bbox 760 1818 890 1869; x_wconf 83' lang='lat' dir='ltr'><strong>subiectae</strong></span> <span class='ocrx_word' id='word_1_195' title='bbox 909 1819 935 1862; x_wconf 87' lang='lat' dir='ltr'><strong>et</strong></span> <span class='ocrx_word' id='word_1_196' title='bbox 953 1828 1012 1861; x_wconf 85' lang='lat' dir='ltr'><strong>cum</strong></span> <span class='ocrx_word' id='word_1_197' title='bbox 1037 1822 1042 1839; x_wconf 78' lang='lat'>²</span> 
     </span>
     <span class='ocr_line' id='line_1_25' title="bbox 61 1880 1013 1951; baseline -0.004 -19"><span class='ocrx_word' id='word_1_198' title='bbox 61 1882 131 1933; x_wconf 83' lang='lat' dir='ltr'><strong>omni</strong></span> <span class='ocrx_word' id='word_1_199' title='bbox 143 1898 219 1949; x_wconf 83' lang='lat' dir='ltr'><strong>opere</strong></span> <span class='ocrx_word' id='word_1_200' title='bbox 232 1884 390 1947; x_wconf 82' lang='lat' dir='ltr'><strong>coniunctae,</strong></span> <span class='ocrx_word' id='word_1_201' title='bbox 406 1885 459 1934; x_wconf 82' lang='lat' dir='ltr'><strong>cim</strong></span> <span class='ocrx_word' id='word_1_202' title='bbox 464 1886 583 1951; x_wconf 83' lang='lat' dir='ltr'><strong>fluminis</strong></span> <span class='ocrx_word' id='word_1_203' title='bbox 595 1886 767 1951; x_wconf 75' lang='lat' dir='ltr'><strong>exciperent:l</strong></span> <span class='ocrx_word' id='word_1_204' title='bbox 772 1892 799 1935; x_wconf 87' lang='lat' dir='ltr'><strong>et</strong></span> <span class='ocrx_word' id='word_1_205' title='bbox 812 1884 882 1934; x_wconf 86' lang='lat' dir='ltr'><strong>aliae</strong></span> <span class='ocrx_word' id='word_1_206' title='bbox 894 1880 957 1930; x_wconf 87' lang='lat' dir='ltr'><strong>item</strong></span> <span class='ocrx_word' id='word_1_207' title='bbox 967 1896 1013 1929; x_wconf 80' lang='lat' dir='ltr'><strong>eu-</strong></span> 
     </span>
     <span class='ocr_line' id='line_1_26' title="bbox 58 1948 1014 2019; baseline -0.002 -18"><span class='ocrx_word' id='word_1_208' title='bbox 58 1966 111 2018; x_wconf 86' lang='lat' dir='ltr'><strong>pra</strong></span> <span class='ocrx_word' id='word_1_209' title='bbox 120 1960 227 2017; x_wconf 79' lang='lat' dir='ltr'><strong>pontem</strong></span> <span class='ocrx_word' id='word_1_210' title='bbox 241 1950 363 2004; x_wconf 78' lang='lat' dir='ltr'><strong>mediocri</strong></span> <span class='ocrx_word' id='word_1_211' title='bbox 372 1955 472 2019; x_wconf 84' lang='lat' dir='ltr'><strong>spatio,</strong></span> <span class='ocrx_word' id='word_1_212' title='bbox 487 1959 528 2018; x_wconf 78' lang='lat' dir='ltr'><strong>ut,</strong></span> <span class='ocrx_word' id='word_1_213' title='bbox 543 1955 566 2003; x_wconf 86' lang='lat' dir='ltr'><strong>si</strong></span> <span class='ocrx_word' id='word_1_214' title='bbox 578 1954 700 2005; x_wconf 70' lang='lat' dir='ltr'><strong>arbonen</strong></span> <span class='ocrx_word' id='word_1_215' title='bbox 708 1954 795 2005; x_wconf 65' lang='lat' dir='ltr'><strong>auam</strong></span> <span class='ocrx_word' id='word_1_216' title='bbox 806 1954 860 2003; x_wconf 83' lang='lat' dir='ltr'><strong>sice</strong></span> <span class='ocrx_word' id='word_1_217' title='bbox 873 1966 954 2001; x_wconf 72' lang='lat' dir='ltr'><strong>noum</strong></span> <span class='ocrx_word' id='word_1_218' title='bbox 965 1948 1014 1999; x_wconf 85' lang='lat' dir='ltr'><strong>dc·</strong></span> 
     </span>
     <span class='ocr_line' id='line_1_27' title="bbox 61 2020 1013 2089; baseline -0.001 -19"><span class='ocrx_word' id='word_1_219' title='bbox 61 2020 167 2071; x_wconf 86' lang='lat' dir='ltr'><strong>iicicndi</strong></span> <span class='ocrx_word' id='word_1_220' title='bbox 178 2022 263 2087; x_wconf 87' lang='lat' dir='ltr'><strong>operis</strong></span> <span class='ocrx_word' id='word_1_221' title='bbox 279 2028 360 2072; x_wconf 86' lang='lat' dir='ltr'><strong>essent</strong></span> <span class='ocrx_word' id='word_1_222' title='bbox 376 2038 394 2073; x_wconf 92' lang='lat' dir='ltr'><strong>a</strong></span> <span class='ocrx_word' id='word_1_223' title='bbox 405 2022 524 2073; x_wconf 85' lang='lat' dir='ltr'><strong>barbaris</strong></span> <span class='ocrx_word' id='word_1_224' title='bbox 540 2023 651 2084; x_wconf 84' lang='lat' dir='ltr'><strong>missae,</strong></span> <span class='ocrx_word' id='word_1_225' title='bbox 668 2022 710 2075; x_wconf 80' lang='lat' dir='ltr'><strong>bis</strong></span> <span class='ocrx_word' id='word_1_226' title='bbox 727 2021 901 2089; x_wconf 68' lang='lat' dir='ltr'><strong>assumtus</strong></span> <span class='ocrx_word' id='word_1_227' title='bbox 920 2033 1013 2072; x_wconf 74' lang='lat' dir='ltr'><strong>caruca</strong></span> 
     </span>
     <span class='ocr_line' id='line_1_28' title="bbox 60 2090 678 2157; baseline 0.002 -16"><span class='ocrx_word' id='word_1_228' title='bbox 60 2106 149 2141; x_wconf 81' lang='lat' dir='ltr'><strong>rerum</strong></span> <span class='ocrx_word' id='word_1_229' title='bbox 162 2091 202 2141; x_wconf 82' lang='lat' dir='ltr'><strong>eis</strong></span> <span class='ocrx_word' id='word_1_230' title='bbox 216 2090 389 2153; x_wconf 84' lang='lat' dir='ltr'><strong>minueretur,</strong></span> <span class='ocrx_word' id='word_1_231' title='bbox 406 2108 458 2143; x_wconf 86' lang='lat' dir='ltr'><strong>neu</strong></span> <span class='ocrx_word' id='word_1_232' title='bbox 466 2092 540 2157; x_wconf 84' lang='lat' dir='ltr'><strong>ponti</strong></span> <span class='ocrx_word' id='word_1_233' title='bbox 549 2100 678 2143; x_wconf 81' lang='lat' dir='ltr'><strong>nocerent.</strong></span> 
     </span>
    </p>

    <p class='ocr_par' dir='ltr' id='par_1_3' title="bbox 61 2155 1015 2711">
     <span class='ocr_line' id='line_1_29' title="bbox 130 2155 1014 2228; baseline -0.002 -18"><span class='ocrx_word' id='word_1_234' title='bbox 130 2156 173 2211; x_wconf 81' lang='lat'><strong>18.</strong></span> <span class='ocrx_word' id='word_1_235' title='bbox 191 2159 290 2211; x_wconf 83' lang='lat' dir='ltr'><strong>Diebus</strong></span> <span class='ocrx_word' id='word_1_236' title='bbox 301 2161 405 2223; x_wconf 83' lang='lat' dir='ltr'><strong>decern,</strong></span> <span class='ocrx_word' id='word_1_237' title='bbox 423 2160 516 2226; x_wconf 81' lang='lat' dir='ltr'><strong>quibus</strong></span> <span class='ocrx_word' id='word_1_238' title='bbox 533 2158 647 2211; x_wconf 83' lang='lat' dir='ltr'><strong>materia</strong></span> <span class='ocrx_word' id='word_1_239' title='bbox 665 2166 757 2228; x_wconf 85' lang='lat' dir='ltr'><strong>coepta</strong></span> <span class='ocrx_word' id='word_1_240' title='bbox 775 2165 833 2213; x_wconf 83' lang='lat' dir='ltr'><strong>crat</strong></span> <span class='ocrx_word' id='word_1_241' title='bbox 842 2155 1014 2225; x_wconf 77' lang='lat' dir='ltr'><strong>comportari,</strong></span> 
     </span>
     <span class='ocr_line' id='line_1_30' title="bbox 61 2227 1013 2301; baseline -0.002 -20"><span class='ocrx_word' id='word_1_242' title='bbox 61 2227 134 2281; x_wconf 90' lang='lat' dir='ltr'><strong>omni</strong></span> <span class='ocrx_word' id='word_1_243' title='bbox 144 2244 224 2295; x_wconf 86' lang='lat' dir='ltr'><strong>opere</strong></span> <span class='ocrx_word' id='word_1_244' title='bbox 236 2228 344 2295; x_wconf 81' lang='lat' dir='ltr'><strong>effecto,</strong></span> <span class='ocrx_word' id='word_1_245' title='bbox 361 2228 488 2282; x_wconf 83' lang='lat' dir='ltr'><strong>exercitus</strong></span> <span class='ocrx_word' id='word_1_246' title='bbox 500 2228 684 2297; x_wconf 74' lang='lat' dir='ltr'><strong>transducitur.</strong></span> <span class='ocrx_word' id='word_1_247' title='bbox 718 2232 831 2292; x_wconf 70' lang='lat' dir='ltr'><strong>caum,</strong></span> <span class='ocrx_word' id='word_1_248' title='bbox 855 2231 891 2281; x_wconf 85' lang='lat' dir='ltr'><strong>ad</strong></span> <span class='ocrx_word' id='word_1_249' title='bbox 910 2233 1013 2301; x_wconf 49' lang='lat' dir='ltr'><strong>utram]</strong></span> 
     </span>
     <span class='ocr_line' id='line_1_31' title="bbox 61 2297 1013 2367; baseline -0.002 -18"><span class='ocrx_word' id='word_1_250' title='bbox 61 2314 112 2363; x_wconf 87' lang='lat' dir='ltr'><strong>que</strong></span> <span class='ocrx_word' id='word_1_251' title='bbox 124 2302 228 2363; x_wconf 76' lang='lat' dir='ltr'><strong>partem</strong></span> <span class='ocrx_word' id='word_1_252' title='bbox 243 2298 328 2365; x_wconf 85' lang='lat' dir='ltr'><strong>pontis</strong></span> <span class='ocrx_word' id='word_1_253' title='bbox 340 2298 418 2351; x_wconf 76' lang='lat' dir='ltr'><strong>firmo</strong></span> <span class='ocrx_word' id='word_1_254' title='bbox 428 2297 560 2365; x_wconf 81' lang='lat' dir='ltr'><strong>praesidio</strong></span> <span class='ocrx_word' id='word_1_255' title='bbox 573 2298 677 2361; x_wconf 86' lang='lat' dir='ltr'><strong>relicto,</strong></span> <span class='ocrx_word' id='word_1_256' title='bbox 694 2298 724 2351; x_wconf 86' lang='lat' dir='ltr'><strong>in</strong></span> <span class='ocrx_word' id='word_1_257' title='bbox 733 2300 798 2350; x_wconf 82' lang='lat' dir='ltr'><strong>lines</strong></span> <span class='ocrx_word' id='word_1_258' title='bbox 809 2298 1013 2367; x_wconf 76' lang='lat' dir='ltr'><strong>Sigambroram</strong></span> 
     </span>
     <span class='ocr_line' id='line_1_32' title="bbox 61 2363 1014 2447; baseline 0.001 -30"><span class='ocrx_word' id='word_1_259' title='bbox 61 2366 203 2431; x_wconf 77' lang='lat' dir='ltr'><strong>contendit.</strong></span> <span class='ocrx_word' id='word_1_260' title='bbox 235 2366 344 2419; x_wconf 85' lang='lat' dir='ltr'><strong>Interim</strong></span> <span class='ocrx_word' id='word_1_261' title='bbox 357 2384 374 2419; x_wconf 86' lang='lat' dir='ltr'><strong>a</strong></span> <span class='ocrx_word' id='word_1_262' title='bbox 386 2367 563 2435; x_wconf 76' lang='lat' dir='ltr'><strong>cornplnribas</strong></span> <span class='ocrx_word' id='word_1_263' title='bbox 574 2367 767 2421; x_wconf 70' lang='lat' dir='ltr'><strong>civitatibussed</strong></span> <span class='ocrx_word' id='word_1_264' title='bbox 784 2384 846 2419; x_wconf 86' lang='lat' dir='ltr'><strong>eum</strong></span> <span class='ocrx_word' id='word_1_265' title='bbox 865 2363 951 2447; x_wconf 60' lang='lat' dir='ltr'><strong>legati</strong></span> <span class='ocrx_word' id='word_1_266' title='bbox 965 2380 1014 2413; x_wconf 74' lang='lat' dir='ltr'><strong>ve-</strong></span> 
     </span>
     <span class='ocr_line' id='line_1_33' title="bbox 61 2435 1013 2504; baseline -0.003 -17"><span class='ocrx_word' id='word_1_267' title='bbox 61 2436 150 2497; x_wconf 89' lang='lat' dir='ltr'><strong>niunt,</strong></span> <span class='ocrx_word' id='word_1_268' title='bbox 166 2436 262 2502; x_wconf 87' lang='lat' dir='ltr'><strong>quibus</strong></span> <span class='ocrx_word' id='word_1_269' title='bbox 275 2452 368 2503; x_wconf 84' lang='lat' dir='ltr'><strong>paoem</strong></span> <span class='ocrx_word' id='word_1_270' title='bbox 382 2444 460 2504; x_wconf 86' lang='lat' dir='ltr'><strong>atque</strong></span> <span class='ocrx_word' id='word_1_271' title='bbox 476 2436 785 2504; x_wconf 80' lang='lat' dir='ltr'><strong>amicitiampstentibns</strong></span> <span class='ocrx_word' id='word_1_272' title='bbox 805 2435 951 2489; x_wconf 73' lang='lat' dir='ltr'><strong>liberaliter</strong></span> <span class='ocrx_word' id='word_1_273' title='bbox 969 2448 1013 2483; x_wconf 82' lang='lat' dir='ltr'><strong>re-</strong></span> 
     </span>
     <span class='ocr_line' id='line_1_34' title="bbox 61 2504 1015 2574; baseline -0.004 -17"><span class='ocrx_word' id='word_1_274' title='bbox 61 2504 166 2571; x_wconf 86' lang='lat' dir='ltr'><strong>spondit</strong></span> <span class='ocrx_word' id='word_1_275' title='bbox 178 2505 332 2572; x_wconf 73' lang='lat' dir='ltr'><strong>obsidesque</strong></span> <span class='ocrx_word' id='word_1_276' title='bbox 346 2507 381 2557; x_wconf 88' lang='lat' dir='ltr'><strong>ad</strong></span> <span class='ocrx_word' id='word_1_277' title='bbox 394 2524 423 2557; x_wconf 88' lang='lat' dir='ltr'><strong>se</strong></span> <span class='ocrx_word' id='word_1_278' title='bbox 435 2505 529 2558; x_wconf 85' lang='lat' dir='ltr'><strong>adduci</strong></span> <span class='ocrx_word' id='word_1_279' title='bbox 540 2505 622 2558; x_wconf 88' lang='lat' dir='ltr'><strong>iubet.</strong></span> <span class='ocrx_word' id='word_1_280' title='bbox 654 2506 690 2558; x_wconf 77' lang='lat' dir='ltr'><strong>At</strong></span> <span class='ocrx_word' id='word_1_281' title='bbox 702 2506 840 2574; x_wconf 78' lang='lat' dir='ltr'><strong>Sigambri</strong></span> <span class='ocrx_word' id='word_1_282' title='bbox 857 2522 889 2555; x_wconf 84' lang='lat' dir='ltr'><strong>cx</strong></span> <span class='ocrx_word' id='word_1_283' title='bbox 900 2519 932 2554; x_wconf 91' lang='lat' dir='ltr'><strong>eo</strong></span> <span class='ocrx_word' id='word_1_284' title='bbox 944 2506 1015 2553; x_wconf 70' lang='lat' dir='ltr'><strong>wm-</strong></span> 
     </span>
     <span class='ocr_line' id='line_1_35' title="bbox 62 2568 1014 2642; baseline -0.005 -17"><span class='ocrx_word' id='word_1_285' title='bbox 62 2582 139 2640; x_wconf 81' lang='lat' dir='ltr'><strong>pore‘,</strong></span> <span class='ocrx_word' id='word_1_286' title='bbox 157 2572 210 2640; x_wconf 80' lang='lat' dir='ltr'><strong>quo</strong></span> <span class='ocrx_word' id='word_1_287' title='bbox 223 2592 288 2641; x_wconf 85' lang='lat' dir='ltr'><strong>pons</strong></span> <span class='ocrx_word' id='word_1_288' title='bbox 301 2572 402 2627; x_wconf 81' lang='lat' dir='ltr'><strong>institui</strong></span> <span class='ocrx_word' id='word_1_289' title='bbox 416 2581 521 2642; x_wconf 82' lang='lat' dir='ltr'><strong>coeptas</strong></span> <span class='ocrx_word' id='word_1_290' title='bbox 537 2580 592 2639; x_wconf 85' lang='lat' dir='ltr'><strong>est,</strong></span> <span class='ocrx_word' id='word_1_291' title='bbox 617 2576 684 2642; x_wconf 79' lang='lat' dir='ltr'><strong>tuga</strong></span> <span class='ocrx_word' id='word_1_292' title='bbox 695 2580 862 2640; x_wconf 71' lang='lat' dir='ltr'><strong>campum,</strong></span> <span class='ocrx_word' id='word_1_293' title='bbox 882 2568 1014 2623; x_wconf 82' lang='lat' dir='ltr'><strong>hortanti·</strong></span> 
     </span>
     <span class='ocr_line' id='line_1_36' title="bbox 61 2638 1014 2711; baseline -0.004 -16"><span class='ocrx_word' id='word_1_294' title='bbox 61 2644 109 2695; x_wconf 85' lang='lat' dir='ltr'><strong>bus</strong></span> <span class='ocrx_word' id='word_1_295' title='bbox 121 2643 171 2705; x_wconf 82' lang='lat' dir='ltr'><strong>iis,</strong></span> <span class='ocrx_word' id='word_1_296' title='bbox 191 2660 255 2709; x_wconf 82' lang='lat' dir='ltr'><strong>quos</strong></span> <span class='ocrx_word' id='word_1_297' title='bbox 269 2661 300 2695; x_wconf 85' lang='lat' dir='ltr'><strong>ex</strong></span> <span class='ocrx_word' id='word_1_298' title='bbox 314 2644 488 2697; x_wconf 85' lang='lat' dir='ltr'><strong>Tencbtheris</strong></span> <span class='ocrx_word' id='word_1_299' title='bbox 501 2650 579 2711; x_wconf 85' lang='lat' dir='ltr'><strong>atque</strong></span> <span class='ocrx_word' id='word_1_300' title='bbox 593 2644 742 2711; x_wconf 79' lang='lat' dir='ltr'><strong>Usipetibus</strong></span> <span class='ocrx_word' id='word_1_301' title='bbox 754 2644 824 2709; x_wconf 90' lang='lat' dir='ltr'><strong>apud</strong></span> <span class='ocrx_word' id='word_1_302' title='bbox 833 2659 863 2693; x_wconf 86' lang='lat' dir='ltr'><strong>ss</strong></span> <span class='ocrx_word' id='word_1_303' title='bbox 872 2638 1014 2701; x_wconf 84' lang='lat' dir='ltr'><strong>habebant,</strong></span> 
     </span>
    </p>
   </div>
   <div class='ocr_carea' id='block_1_3' title="bbox 33 2708 1094 2782">
    <p class='ocr_par' dir='ltr' id='par_1_4' title="bbox 33 2708 1094 2782">
     <span class='ocr_line' id='line_1_37' title="bbox 33 2708 1094 2782; baseline -0.003 -20"><span class='ocrx_word' id='word_1_304' title='bbox 33 2742 34 2748; x_wconf 63' lang='lat'><em>=</em></span> <span class='ocrx_word' id='word_1_305' title='bbox 61 2713 158 2765; x_wconf 86' lang='lat' dir='ltr'><strong>finibus</strong></span> <span class='ocrx_word' id='word_1_306' title='bbox 171 2714 226 2765; x_wconf 89' lang='lat' dir='ltr'><strong>suis</strong></span> <span class='ocrx_word' id='word_1_307' title='bbox 239 2719 415 2776; x_wconf 79' lang='lat' dir='ltr'><strong>excesserant,</strong></span> <span class='ocrx_word' id='word_1_308' title='bbox 431 2730 530 2779; x_wconf 85' lang='lat' dir='ltr'><strong>suaque</strong></span> <span class='ocrx_word' id='word_1_309' title='bbox 548 2713 639 2767; x_wconf 82' lang='lat' dir='ltr'><strong>omnia</strong></span> <span class='ocrx_word' id='word_1_310' title='bbox 654 2716 869 2782; x_wconf 80' lang='lat' dir='ltr'><strong>exportaverant,</strong></span> <span class='ocrx_word' id='word_1_311' title='bbox 886 2725 966 2775; x_wconf 75' lang='lat' dir='ltr'><strong>seque</strong></span> <span class='ocrx_word' id='word_1_312' title='bbox 985 2708 1014 2759; x_wconf 88' lang='lat' dir='ltr'><strong>in</strong></span> <span class='ocrx_word' id='word_1_313' title='bbox 1088 2708 1094 2715; x_wconf 81' lang='lat'>&#39;</span> 
     </span>
    </p>
   </div>
   <div class='ocr_carea' id='block_1_4' title="bbox 59 2782 1085 3405">
    <p class='ocr_par' dir='ltr' id='par_1_5' title="bbox 59 2782 1085 3405">
     <span class='ocr_line' id='line_1_38' title="bbox 59 2782 745 2852; baseline 0.001 -17"><span class='ocrx_word' id='word_1_314' title='bbox 59 2782 229 2835; x_wconf 87' lang='lat' dir='ltr'><strong>solitudinem</strong></span> <span class='ocrx_word' id='word_1_315' title='bbox 241 2782 364 2833; x_wconf 75' lang='lat' dir='ltr'><strong>acsilras</strong></span> <span class='ocrx_word' id='word_1_316' title='bbox 371 2782 531 2837; x_wconf 83' lang='lat' dir='ltr'><strong>abdiderunt.</strong></span> <span class='ocrx_word' id='word_1_317' title='bbox 742 2842 745 2852; x_wconf 37' lang='grc' dir='ltr'><strong><em>Ι</em></strong></span> 
     </span>
     <span class='ocr_line' id='line_1_39' title="bbox 129 2845 1015 2917; baseline -0.001 -14"><span class='ocrx_word' id='word_1_318' title='bbox 129 2851 522 2917; x_wconf 57' lang='lat' dir='ltr'><strong>mamistanensem</strong></span> <span class='ocrx_word' id='word_1_319' title='bbox 542 2868 635 2904; x_wconf 84' lang='lat' dir='ltr'><strong>corum</strong></span> <span class='ocrx_word' id='word_1_320' title='bbox 653 2851 750 2903; x_wconf 86' lang='lat' dir='ltr'><strong>tinibus</strong></span> <span class='ocrx_word' id='word_1_321' title='bbox 770 2854 902 2911; x_wconf 79' lang='lat' dir='ltr'><strong>moratus,</strong></span> <span class='ocrx_word' id='word_1_322' title='bbox 928 2845 1015 2902; x_wconf 80' lang='lat' dir='ltr'><strong>omni-</strong></span> 
     </span>
     <span class='ocr_line' id='line_1_40' title="bbox 59 2917 1016 2987; baseline -0.004 -16"><span class='ocrx_word' id='word_1_323' title='bbox 59 2920 109 2973; x_wconf 86' lang='lat' dir='ltr'><strong>bus</strong></span> <span class='ocrx_word' id='word_1_324' title='bbox 121 2919 191 2973; x_wconf 77' lang='lat' dir='ltr'><strong>vicis</strong></span> <span class='ocrx_word' id='word_1_325' title='bbox 200 2919 378 2987; x_wconf 82' lang='lat' dir='ltr'><strong>aedificiisque</strong></span> <span class='ocrx_word' id='word_1_326' title='bbox 391 2919 502 2973; x_wconf 82' lang='lat' dir='ltr'><strong>incensis</strong></span> <span class='ocrx_word' id='word_1_327' title='bbox 511 2922 701 2987; x_wconf 74' lang='lat' dir='ltr'><strong>frumentisque</strong></span> <span class='ocrx_word' id='word_1_328' title='bbox 712 2918 836 2983; x_wconf 78' lang='lat' dir='ltr'><strong>succisis,</strong></span> <span class='ocrx_word' id='word_1_329' title='bbox 851 2937 880 2971; x_wconf 86' lang='lat' dir='ltr'><strong>se</strong></span> <span class='ocrx_word' id='word_1_330' title='bbox 902 2918 929 2969; x_wconf 94' lang='lat' dir='ltr'><strong>iu</strong></span> <span class='ocrx_word' id='word_1_331' title='bbox 949 2917 1016 2969; x_wconf 75' lang='lat' dir='ltr'><strong>sines</strong></span> 
     </span>
     <span class='ocr_line' id='line_1_41' title="bbox 60 2986 1016 3056; baseline -0.005 -15"><span class='ocrx_word' id='word_1_332' title='bbox 60 2990 193 3042; x_wconf 88' lang='lat' dir='ltr'><strong>Ubiorum</strong></span> <span class='ocrx_word' id='word_1_333' title='bbox 207 2988 318 3056; x_wconf 70' lang='lat' dir='ltr'><strong>recepit,</strong></span> <span class='ocrx_word' id='word_1_334' title='bbox 337 2996 414 3056; x_wconf 85' lang='lat' dir='ltr'><strong>atque</strong></span> <span class='ocrx_word' id='word_1_335' title='bbox 426 2990 459 3041; x_wconf 85' lang='lat' dir='ltr'><strong>iis</strong></span> <span class='ocrx_word' id='word_1_336' title='bbox 469 2990 599 3043; x_wconf 81' lang='lat' dir='ltr'><strong>auxilium</strong></span> <span class='ocrx_word' id='word_1_337' title='bbox 609 3008 686 3041; x_wconf 79' lang='lat' dir='ltr'><strong>suum</strong></span> <span class='ocrx_word' id='word_1_338' title='bbox 699 2987 844 3056; x_wconf 84' lang='lat' dir='ltr'><strong>pollicitus,</strong></span> <span class='ocrx_word' id='word_1_339' title='bbox 861 2988 885 3040; x_wconf 88' lang='lat' dir='ltr'><strong>si</strong></span> <span class='ocrx_word' id='word_1_340' title='bbox 901 2989 936 3040; x_wconf 91' lang='lat' dir='ltr'><strong>ab</strong></span> <span class='ocrx_word' id='word_1_341' title='bbox 948 2986 1016 3037; x_wconf 87' lang='lat' dir='ltr'><strong>Sue-</strong></span> 
     </span>
     <span class='ocr_line' id='line_1_42' title="bbox 61 3058 1016 3139; baseline -0.002 -30"><span class='ocrx_word' id='word_1_342' title='bbox 61 3059 101 3110; x_wconf 76' lang='lat' dir='ltr'><strong>uis</strong></span> <span class='ocrx_word' id='word_1_343' title='bbox 114 3068 309 3127; x_wconf 81' lang='lat' dir='ltr'><strong>premerentur,</strong></span> <span class='ocrx_word' id='word_1_344' title='bbox 331 3060 399 3111; x_wconf 87' lang='lat' dir='ltr'><strong>baec</strong></span> <span class='ocrx_word' id='word_1_345' title='bbox 410 3060 444 3111; x_wconf 87' lang='lat' dir='ltr'><strong>eb</strong></span> <span class='ocrx_word' id='word_1_346' title='bbox 457 3058 491 3110; x_wconf 86' lang='lat' dir='ltr'><strong>iis</strong></span> <span class='ocrx_word' id='word_1_347' title='bbox 505 3059 641 3139; x_wconf 66' lang='lat' dir='ltr'><strong>cognovit:</strong></span> <span class='ocrx_word' id='word_1_348' title='bbox 658 3059 773 3123; x_wconf 77' lang='lat' dir='ltr'><strong>Suevos,</strong></span> <span class='ocrx_word' id='word_1_349' title='bbox 790 3065 960 3125; x_wconf 81' lang='lat' dir='ltr'><strong>posteaquam</strong></span> <span class='ocrx_word' id='word_1_350' title='bbox 966 3070 1016 3121; x_wconf 80' lang='lat' dir='ltr'><strong>per</strong></span> 
     </span>
     <span class='ocr_line' id='line_1_43' title="bbox 62 3125 1015 3195; baseline -0.002 -16"><span class='ocrx_word' id='word_1_351' title='bbox 62 3130 241 3195; x_wconf 81' lang='lat' dir='ltr'><strong>exploratores</strong></span> <span class='ocrx_word' id='word_1_352' title='bbox 252 3134 359 3195; x_wconf 83' lang='lat' dir='ltr'><strong>pontem</strong></span> <span class='ocrx_word' id='word_1_353' title='bbox 370 3128 428 3181; x_wconf 85' lang='lat' dir='ltr'><strong>lieri</strong></span> <span class='ocrx_word' id='word_1_354' title='bbox 438 3133 632 3195; x_wconf 76' lang='lat' dir='ltr'><strong>comperissent,</strong></span> <span class='ocrx_word' id='word_1_355' title='bbox 648 3144 723 3179; x_wconf 86' lang='lat' dir='ltr'><strong>more</strong></span> <span class='ocrx_word' id='word_1_356' title='bbox 733 3144 782 3179; x_wconf 86' lang='lat' dir='ltr'><strong>suo</strong></span> <span class='ocrx_word' id='word_1_357' title='bbox 794 3127 904 3179; x_wconf 87' lang='lat' dir='ltr'><strong>concilio</strong></span> <span class='ocrx_word' id='word_1_358' title='bbox 913 3125 1015 3188; x_wconf 81' lang='lat' dir='ltr'><strong>habito,</strong></span> 
     </span>
     <span class='ocr_line' id='line_1_44' title="bbox 62 3196 1085 3265; baseline -0.004 -16"><span class='ocrx_word' id='word_1_359' title='bbox 62 3197 173 3249; x_wconf 87' lang='lat' dir='ltr'><strong>nuncios</strong></span> <span class='ocrx_word' id='word_1_360' title='bbox 185 3196 213 3261; x_wconf 86' lang='lat' dir='ltr'><strong>in</strong></span> <span class='ocrx_word' id='word_1_361' title='bbox 226 3211 315 3249; x_wconf 88' lang='lat' dir='ltr'><strong>omnes</strong></span> <span class='ocrx_word' id='word_1_362' title='bbox 331 3202 419 3265; x_wconf 85' lang='lat' dir='ltr'><strong>partes</strong></span> <span class='ocrx_word' id='word_1_363' title='bbox 433 3196 578 3260; x_wconf 83' lang='lat' dir='ltr'><strong>dimisisse,</strong></span> <span class='ocrx_word' id='word_1_364' title='bbox 595 3197 635 3249; x_wconf 91' lang='lat' dir='ltr'><strong>nti</strong></span> <span class='ocrx_word' id='word_1_365' title='bbox 656 3198 689 3249; x_wconf 88' lang='lat' dir='ltr'><strong>dc</strong></span> <span class='ocrx_word' id='word_1_366' title='bbox 709 3197 810 3264; x_wconf 83' lang='lat' dir='ltr'><strong>oppidis</strong></span> <span class='ocrx_word' id='word_1_367' title='bbox 827 3197 1016 3264; x_wconf 74' lang='lat' dir='ltr'><strong>designarent,</strong></span> <span class='ocrx_word' id='word_1_368' title='bbox 1081 3207 1085 3212; x_wconf 83' lang='lat'><strong><em>‘</em></strong></span> 
     </span>
     <span class='ocr_line' id='line_1_45' title="bbox 63 3264 1015 3333; baseline -0.004 -16"><span class='ocrx_word' id='word_1_369' title='bbox 63 3266 174 3333; x_wconf 85' lang='lat' dir='ltr'><strong>liberos,</strong></span> <span class='ocrx_word' id='word_1_370' title='bbox 194 3283 290 3319; x_wconf 80' lang='lat' dir='ltr'><strong>uxores</strong></span> <span class='ocrx_word' id='word_1_371' title='bbox 300 3280 400 3333; x_wconf 75' lang='lat' dir='ltr'><strong>suaque</strong></span> <span class='ocrx_word' id='word_1_372' title='bbox 413 3266 502 3319; x_wconf 79' lang='lat' dir='ltr'><strong>omnia</strong></span> <span class='ocrx_word' id='word_1_373' title='bbox 514 3264 542 3317; x_wconf 91' lang='lat' dir='ltr'><strong>in</strong></span> <span class='ocrx_word' id='word_1_374' title='bbox 554 3268 635 3319; x_wconf 76' lang='lat' dir='ltr'><strong>silvas</strong></span> <span class='ocrx_word' id='word_1_375' title='bbox 645 3267 802 3333; x_wconf 86' lang='lat' dir='ltr'><strong>deponerent</strong></span> <span class='ocrx_word' id='word_1_376' title='bbox 815 3272 895 3332; x_wconf 84' lang='lat' dir='ltr'><strong>atque</strong></span> <span class='ocrx_word' id='word_1_377' title='bbox 915 3280 1015 3322; x_wconf 81' lang='lat' dir='ltr'><strong>omnes,</strong></span> 
     </span>
     <span class='ocr_line' id='line_1_46' title="bbox 63 3335 1016 3405; baseline -0.007 -16"><span class='ocrx_word' id='word_1_378' title='bbox 63 3336 109 3403; x_wconf 82' lang='lat' dir='ltr'><strong>qni</strong></span> <span class='ocrx_word' id='word_1_379' title='bbox 124 3352 202 3391; x_wconf 83' lang='lat' dir='ltr'><strong>arma</strong></span> <span class='ocrx_word' id='word_1_380' title='bbox 216 3336 287 3389; x_wconf 85' lang='lat' dir='ltr'><strong>terre</strong></span> <span class='ocrx_word' id='word_1_381' title='bbox 301 3341 422 3405; x_wconf 81' lang='lat' dir='ltr'><strong>possent,</strong></span> <span class='ocrx_word' id='word_1_382' title='bbox 438 3352 522 3393; x_wconf 87' lang='lat' dir='ltr'><strong>uuum</strong></span> <span class='ocrx_word' id='word_1_383' title='bbox 533 3335 664 3389; x_wconf 85' lang='lat' dir='ltr'><strong>inlocum</strong></span> <span class='ocrx_word' id='word_1_384' title='bbox 675 3336 854 3388; x_wconf 74' lang='lat' dir='ltr'><strong>macconem:</strong></span> <span class='ocrx_word' id='word_1_385' title='bbox 877 3335 1016 3393; x_wconf 75' lang='lat' dir='ltr'><strong>bunccsse</strong></span> 
     </span>
    </p>
   </div>
   <div class='ocr_carea' id='block_1_5' title="bbox 758 3414 810 3464">
    <p class='ocr_par' dir='ltr' id='par_1_6' title="bbox 758 3414 810 3464">
     <span class='ocr_line' id='line_1_47' title="bbox 758 3414 810 3464; baseline 0 0"><span class='ocrx_word' id='word_1_386' title='bbox 758 3414 810 3464; x_wconf 66' lang='grc' dir='ltr'><strong>ΕΞ</strong></span> 
     </span>
    </p>
   </div>
   <div class='ocr_carea' id='block_1_6' title="bbox 0 0 1167 3809">
    <p class='ocr_par' dir='ltr' id='par_1_7' title="bbox 0 0 1167 3809">
     <span class='ocr_line' id='line_1_48' title="bbox 0 0 1167 3809; baseline 0 0"><span class='ocrx_word' id='word_1_387' title='bbox 0 0 1167 3809; x_wconf 95' lang='lat' dir='ltr'><strong> </strong></span> 
     </span>
    </p>
   </div>
  </div>
 </body>
</html>
