2317 3809
248 233 252 243 ·
305 206 471 265 murm.
492 210 725 267 csr.rs-1s.
930 204 992 267 135

31 351 57 403 o
72 348 288 417 samam:
310 348 369 417 qn
382 349 482 403 veens
501 349 626 414 mrem,
650 366 684 402 „a
697 350 765 403 raus
780 350 809 404 re
825 352 917 405 eom
931 325 1011 420 roo,

29 420 174 471 subsistere
185 420 269 472 hostis
276 425 353 487 atque
363 420 460 471 elicere
469 426 571 473 nostros
580 419 707 472 inlocum
714 426 853 474 conaretur
863 421 990 489 iniquum,

28 490 126 541 nudius
152 488 283 555 procedit.
331 488 439 557 Equites
464 506 544 571 quum
567 488 668 541 intrare
687 490 791 542 fumum
807 493 834 540 et
853 490 990 542 flammam

26 558 217 609 densissimam
237 558 374 620 timereut3
391 574 437 621 ac,
455 576 478 610 ss
491 559 537 625 qui
548 558 668 626 cupidius
680 557 853 622 intraverant,
871 559 915 610 rix
928 566 990 609 ιιιοέ

25 626 838 749 tid{l,t{zltttffldlttt‘tntltntdlt
847 626 943 748 lit
956 626 991 679 '¹'

25 766 132 840 timoris
160 764 243 847 simul
255 714 458 847 calliditatisquic
476 766 569 831 pleno,
594 765 650 817 sine
666 764 894 848 ullodctrlmcuto
915 711 992 820 ruffi

24 835 223 966 {carlet-ruffina
240 834 991 970 {ugffigggsgehsstffigiffioezsffiffifflfflx

26 979 97 1036 rent,
115 988 225 1039 magna
236 972 392 1023 detrimenta
403 971 530 1024 Romanis
542 972 569 1023 in
581 971 793 1039 pabulationibus
802 971 956 1023 inferebant.

94 1040 144 1093 17.
174 1040 253 1107 Quod
263 1057 343 1106 quum
358 1040 474 1093 crebrius
485 1040 660 1104 occideretur
674 1040 777 1107 captivo
791 1040 906 1107 quodam
917 1055 994 1091 eumz

25 1108 93 1177 perit
107 1110 224 1172 Caesar,
241 1110 376 1172 Corrcum,
387 1110 593 1161 bellovacorum
600 1112 709 1172 Ducem,
723 1108 927 1161 fortissimorum
939 1107 991 1159 mi·

26 1180 63 1231 lia
75 1180 114 1231 Π
130 1178 260 1249 peditum
281 1178 420 1246 delegisse,
443 1178 594 1245 equitesque
612 1196 643 1230 cx
657 1178 730 1229 omni
744 1194 853 1229 numero
862 1178 910 1242 Μ,
927 1192 992 1244 quos

27 1247 53 1299 iu
71 1247 187 1299 insidiis
204 1264 236 1299 ee
257 1248 317 1299 loeo
335 1249 502 1311 conlocaret,
517 1265 597 1315 quern
607 1247 636 1299 iu
648 1248 754 1310 lecum,
768 1253 875 1314 prepter
887 1248 992 1313 copiam

28 1317 160 1371 immenti
186 1316 344 1383 ac.,pabuli‚
362 1317 497 1369 Romanos
516 1318 690 1384 [pabulatum]
706 1315 833 1369 missuros
845 1314 992 1383 suspicare·

27 1394 77 1442 tur..
123 1386 193 1453 Quo
205 1385 309 1453 cognito
325 1385 452 1449 consilio,
470 1386 569 1439 Cacsar
580 1386 697 1454 legiones
712 1386 817 1453 plures,
834 1400 914 1451 quam
922 1384 993 1444 sole,-

27 1456 89 1519 bat,
108 1452 218 1516 educit3
236 1454 446 1521 equitatumque,
463 1471 515 1520 qua
526 1454 710 1507 coemendos
723 1452 993 1521 pabulatoribusmit-

29 1530 83 1575 tere
95 1522 238 1592 praesidia
249 1530 400 1587 consuerat,
416 1523 568 1590 praemittit.
602 1524 674 1576 lluic
689 1522 829 1590 interponit
841 1513 940 1575 auxilia
953 1522 993 1573 le·
1063 1532 1066 1540 ·

29 1593 67 1643 ris
86 1598 261 1675 aunonenses
285 1592 342 1660 ipso
359 1610 421 1647 cum
431 1592 595 1663 legionibus,
611 1610 692 1661 quam
700 1597 787 1662 potest
797 1592 926 1658 marium,
946 1590 994 1644 sd-

28 1668 266 1785 pruffling-unffi&
277 1728 305 1781 iu
322 1728 423 1783 insidiis
436 1729 568 1799 dispositi,
591 1748 672 1798 quum
688 1730 740 1783 sibi
753 1728 909 1797 delegissent
921 1744 994 1792 eamr

30 1817 93 1866 pum
114 1801 155 1853 ad
173 1800 405 1867 remgor-eudem,
430 1816 482 1853 nen
492 1800 749 1867 ampliuspntentem
762 1800 790 1851 iu
804 1816 894 1850 omues
907 1806 996 1862 partes

30 1870 157 1936 passibus
179 1868 223 1932 M,
247 1868 321 1919 silvis
339 1868 671 1935 undiquoinpeditissimis,
688 1874 734 1923 aut
747 1864 995 1919 altissimosssuniuc

30 1941 187 1999 munitum,
211 1938 283 1989 velut
300 1936 425 2007 indagine
437 1938 509 1991 huuc
518 1935 619 1991 insidiis
632 1936 863 1996 circumdederunt.
895 1933 996 1999 Explo-

30 2016 88 2060 rato
100 2005 227 2059 hostiam
239 2006 363 2071 consilio,
380 2006 471 2071 nostri,
486 2006 522 2057 ad
531 2005 710 2071 proeliandum
721 2004 809 2058 auimo
822 2009 901 2069 atque
912 2002 996 2055 annis

31 2076 137 2143 parati,
155 2092 238 2142 quum
251 2075 464 2143 subsequentibus
476 2072 624 2142 legionibus
634 2075 735 2127 nullam
746 2070 939 2125 dimicationem
952 2088 995 2125 re-

33 2151 177 2207 cusarent,
195 2143 328 2195 turmatim
340 2144 367 2197 iu
379 2162 440 2197 eum
452 2144 542 2195 locum
553 2144 717 2196 devenerunt.
752 2143 871 2209 Quorum
882 2142 995 2195 adventu

32 2232 121 2280 quum
134 2212 189 2265 sibi
201 2214 312 2265 Correus
327 2213 443 2267 oblatam
456 2212 619 2265 occasionem
634 2212 673 2265 roi
687 2214 817 2281 gerendae
828 2211 996 2273 existimaret,
1056 2226 1061 2241 *

31 2285 225 2350 primumcum
239 2282 329 2348 paucis
342 2300 370 2335 se
383 2282 493 2335 ostendit
500 2290 576 2349 utque
583 2282 609 2333 iu
621 2281 752 2349 proximas
767 2286 867 2333 turum
877 2280 996 2353 inpetum

32 2354 107 2405 lecit.
144 2350 235 2403 Nostri
247 2356 392 2405 constanter
405 2351 539 2404 inclusum
556 2351 682 2404 sustinent
695 2348 892 2412 insidiatorum
912 2364 997 2413 neque

32 2423 128 2488 plures
141 2420 173 2473 in
191 2437 272 2471 uuum
286 2421 375 2473 locum
388 2420 556 2485 conveniunt,
577 2421 648 2487 quod
661 2417 814 2487 plerumque
833 2415 997 2499 equestribus
1085 2457 1088 2469 .

33 2488 148 2557 proeliis
161 2504 243 2555 quum
255 2496 361 2556 propter
376 2489 491 2572 aliquem
504 2490 628 2543 timorem
641 2489 746 2555 accidit,
761 2494 818 2542 tum
829 2485 998 2541 mansuum

34 2561 159 2628 ipsorum
176 2557 358 2611 detrimentum
371 2558 505 2625 accipitur.
818 2558 823 2569 ’
981 2610 985 2619 ,

107 2626 155 2681 19.
175 2626 263 2691 Quum
277 2626 409 2695 dispositis
421 2627 514 2681 turmis
524 2628 551 2680 in
565 2626 651 2681 ricem
666 2625 722 2679 rari
731 2624 934 2695 proeliarentur,
951 2638 998 2678 ue-

26 2708 88 2764 'qne
113 2697 149 2748 ab
166 2694 291 2749 luteribus
312 2694 495 2749 circumveniri
511 2714 571 2750 suos
582 2703 746 2765 paterentur,
762 2680 999 2772 crumpuutccteri,

35 2768 141 2819 Correo
162 2765 308 2831 proeliante
328 2782 360 2817 ex
380 2766 460 2817 silvis.
499 2766 544 2819 Fit
564 2782 664 2833 magua
686 2762 848 2816 contentione
866 2762 997 2815 diversum

32 2833 183 2902 proelium.
219 2834 297 2900 Quod
306 2850 387 2901 quum
401 2834 498 2887 diutius
510 2834 567 2903 pari
577 2836 666 2887 Morte
677 2832 797 2896 iniretrrr,
814 2832 953 2899 paullatim
965 2849 996 2905 cx

33 2904 116 2957 siluis
137 2901 267 2955 instructu
283 2903 423 2955 multitude
440 2902 559 2970 procedit
575 2903 710 2971 peditum,
736 2917 803 2967 quae
813 2908 915 2953 nosnos
925 2900 998 2969 cogit

35 2975 135 3025 cedere
148 2970 264 3037 equites:
282 2972 376 3038 quibus
391 2972 509 3025 celeriter
521 2972 678 3024 subveniunt
688 2969 912 3022 lerisarmaturac
924 2968 997 3037 pcdi-

34 3050 94 3106 tes,
115 3058 184 3107 quos
196 3046 256 3092 ante
266 3040 382 3109 legiones
394 3040 587 3104 musosnocui,
601 3039 747 3107 turmisque
759 3044 907 3091 nostrorum
916 3039 997 3091 inter·

34 3110 121 3179 positi
135 3115 285 3161 carnanter
299 3110 467 3177 proeliantur.
488 3110 627 3179 Pugnatur
640 3107 804 3175 aliquamdiu
821 3108 880 3177 pari
891 3114 997 3161 conten·-

36 3184 128 3233 tionc:
147 3178 249 3242 deinde,
262 3184 292 3231 ut
300 3178 368 3231 ratio
377 3180 526 3247 postulabat
535 3177 639 3245 proelii,
654 3177 700 3245 qui
711 3175 889 3230 sustinuerant
897 3175 998 3245 primes

37 3250 147 3317 inpetus
163 3246 326 3311 insidiarum,
343 3248 395 3300 lroe
405 3248 462 3317 ipso
474 3249 540 3299 liunt
551 3246 706 3315 superiores,
722 3246 790 3314 quod
800 3246 901 3298 nullum
915 3246 950 3297 ab
956 3244 999 3297 in·

38 3317 201 3372 sidiontssrns
213 3316 377 3385 inprudentes
389 3315 739 3385 acceperuutdotrimentum.
755 3314 1001 3381 Acceduntprepins

39 3388 152 3443 iuterim
165 3386 299 3463 legiones,
315 3386 453 3456 crebrique
464 3386 557 3441 eadem
569 3390 687 3455 tempere
696 3390 723 3439 st
735 3385 833 3514 neugrio
845 3388 873 3437 ct
882 3382 1002 3437 bentibus
