2317 3809
294 225 374 283 Iulli.
394 225 452 281 m
487 225 575 323 Gdi’.
591 180 737 287 21-Ἆῦ
923 216 987 285 105

97 362 146 417 to.
164 361 228 417 Fuit
239 364 307 419 inec
319 364 404 419 oratio
417 382 472 417 nou
483 363 838 435 iugrotuGallir,mrirne,
849 367 918 435 quod
929 367 987 437 ipsu

36 429 119 484 auimo
134 450 191 485 non
207 434 351 498 defecerat,
364 440 436 487 teuto
449 442 557 503 accepto
570 434 752 500 incommodo,
764 454 887 504 nequem
898 438 927 490 in
940 456 986 492 oe-

34 503 133 553 cultum
151 502 289 556 abdidcrat
311 509 337 555 et
356 508 521 571 conspectum
538 504 714 559 multitudiuis
732 506 852 574 fugerutr
877 501 990 575 plusque⁴

33 571 120 627 unns
133 572 275 637 providere
288 576 314 624 et
326 573 484 641 praesentire
493 573 708 638 existimabatur,
724 575 807 640 quod,
830 592 861 629 re
873 574 901 627 ie

31 640 117 706 primo
130 640 323 693 incendendum
334 641 490 707 Araricum,
506 648 565 710 post
577 643 747 695 deserendum
758 650 899 697 censuerat.
947 652 988 697 tu-

32 726 95 775 que,
113 716 148 761 ut
167 710 330 777 reliquorum
343 709 532 777 imperatorum
551 728 594 763 roe
604 713 728 768 coverne
741 713 924 767 auctoritatem
935 714 988 766 mi-

30 776 131 844 nuunt,
146 778 186 831 sic
198 779 276 831 huius
289 797 321 831 ex
334 780 465 833 contrario
484 780 613 849 dignitus,
637 780 802 834 incommodo
820 788 942 849 acceptu,
959 782 989 837 in
1042 839 1044 845 ,

32 848 85 898 dies
96 848 263 917 augebatur:
287 848 366 901 simul
389 849 416 901 iu
436 866 509 916 spem
525 848 664 903 veniebant
681 850 738 903 eius
754 851 935 904 odlirruatioue
954 850 989 905 de

30 916 142 982 reliquis
156 916 327 986 adiungendis
342 918 509 982 civitatibus,
532 918 699 985 primumque
717 937 750 971 eo
774 929 892 988 tempore
915 920 988 973 Galli

31 994 119 1037 castra
135 987 240 1038 munire
253 987 432 1051 instituerunt,
449 987 525 1040 etsie
539 993 600 1039 suut
612 988 701 1039 annuo
712 990 883 1053 constonati,
899 990 988 1042 borni-

31 1071 76 1105 nes
89 1054 190 1107 insumi
201 1055 318 1120 loboris,
332 1062 361 1108 ut
374 1056 479 1120 omnia,
504 1072 572 1125 quae
590 1056 798 1126 impeterentur,
820 1058 874 1113 sibi
886 1058 988 1130 patieu-

31 1123 65 1175 da
79 1129 107 1175 et
120 1124 278 1191 perferenda
288 1124 474 1178 existimarent.

99 1192 147 1245 al.
165 1192 220 1245 Nec
234 1193 338 1258 miuus,
363 1211 443 1262 quam
462 1197 502 1247 est
517 1193 664 1263 pollicitus,
680 1192 878 1265 Vercingetorix
898 1194 988 1250 animo

31 1260 188 1326 inherebat,
205 1268 235 1315 ut
248 1263 362 1329 reliquas
374 1262 491 1317 ciuitates
504 1264 674 1333 adiungeret,
699 1267 879 1331 utqueearnm
889 1264 987 1333 priuci-

32 1347 76 1397 pee
88 1329 169 1383 donis
181 1331 467 1399 pollicitationibusque
485 1334 635 1386 adficiebat.
667 1332 741 1387 Huic
758 1333 799 1401 rei
813 1334 918 1387 idoneos
936 1334 988 1386 bo·

33 1399 115 1451 mines
126 1400 279 1469 deligebat,
297 1417 408 1467 quorum
421 1402 529 1471 quisque
548 1408 595 1455 aut
609 1402 727 1455 oratioue
737 1403 848 1455 subdolo
862 1410 908 1455 aut
919 1403 988 1456 ami-

32 1468 93 1520 citia
109 1468 241 1521 facillime
256 1470 315 1537 cupi
333 1476 427 1538 posset.
461 1471 515 1537 Qui
530 1471 644 1525 Avarico
665 1478 813 1540 expugnato
827 1474 988 1542 relegerunt,

33 1539 175 1590 amandos
195 1538 392 1606 vestiendosque
404 1546 486 1591 curat.
520 1541 608 1593 Simul
620 1546 650 1593 ut
663 1540 812 1594 deminutae
824 1542 915 1609 copiae
927 1540 989 1593 red-

33 1606 244 1675 integrarentur,
275 1608 387 1675 imperat
411 1612 511 1661 eertum
533 1626 673 1661 numerum
693 1609 809 1662 militum
829 1610 989 1675 civitatibus,

33 1692 127 1741 quern,
147 1681 175 1729 et
185 1693 265 1743 quam
277 1685 337 1730 ante
353 1678 424 1729 diem
440 1676 468 1729 in
485 1683 570 1731 eastra
585 1678 680 1730 adduci
693 1679 772 1742 velit,
789 1680 990 1749 sagittariosque

34 1762 140 1810 omues,
159 1763 272 1812 quorum
282 1751 338 1799 erat
352 1764 510 1815 permagnus
530 1746 557 1799 iu
571 1746 662 1799 Gallia
674 1764 814 1812 uumerus,
831 1748 950 1815 conquiri
963 1752 990 1801 ct

35 1815 105 1866 adse
118 1814 192 1867 mitti
205 1814 286 1867 iubet.
320 1814 371 1867 llis
384 1816 463 1867 rebus
477 1816 599 1867 celeriter
610 1816 654 1879 id,
671 1816 741 1881 quod
752 1816 859 1869 Auarici
871 1816 990 1883 deperie-

33 1886 89 1947 rat,
106 1884 238 1950 expletur.
271 1884 380 1936 Interim
392 1885 577 1949 Teutomatus,
595 1882 758 1941 Olloviconis
770 1884 856 1950 iilius,
879 1902 926 1936 rex
940 1883 989 1937 Ni·
1079 1936 1084 1946 ,

35 1951 196 2021 tiobrigum,
213 1951 287 2005 cuius
296 1959 369 2020 puter
381 1955 415 2006 ab
431 1954 528 2005 Senatu
540 1956 628 2004 nostro
650 1951 750 2003 eruitur
762 1958 819 2005 erat
835 1953 990 2019 adpellutus,

36 2037 94 2072 cum
107 2038 210 2091 magno
223 2022 340 2091 equitum
354 2040 463 2075 suorum
476 2038 604 2085 numero,
616 2024 643 2073 et
655 2037 720 2089 quos
732 2037 765 2073 ex
775 2020 917 2089 Aquitania
927 2038 990 2076 oon·

39 2089 166 2156 durmat,
184 2090 218 2141 ad
230 2108 290 2143 eum
302 2091 427 2160 pervenit.
985 2134 987 2138 .

100 2160 148 2221 32.
166 2160 279 2224 Cacsar,
294 2161 401 2213 Avarici
414 2159 561 2225 complures
574 2156 631 2210 dies
641 2162 831 2224 commoratus,
846 2176 990 2213 summam-

37 2242 85 2291 que
97 2228 138 2281 ibi
152 2227 256 2295 copiam
265 2229 388 2284 frumenti
404 2236 430 2281 et
441 2227 537 2295 reliqui
552 2234 713 2280 commeatus
725 2234 831 2292 noctus,
848 2230 991 2283 exereitum

37 2311 67 2345 er
81 2298 176 2350 labore
188 2305 267 2365 atque
280 2298 369 2365 inopia
380 2296 479 2353 reiecit.
497 2298 555 2349 lam
570 2314 651 2364 prope
664 2296 752 2350 bieme
764 2298 895 2361 coniecta,
909 2314 992 2366 quum

30 2362 91 2429 'ipso
108 2366 172 2417 anui
187 2370 305 2433 temporo
326 2368 360 2419 ad
371 2367 516 2437 gerendum
527 2366 628 2418 bellum
643 2374 782 2420 votaretur
797 2372 823 2419 et
841 2369 874 2421 ad
887 2368 992 2420 bostem

36 2435 166 2498 proticisci
176 2435 364 2499 constituisset,
389 2435 445 2487 sive
455 2452 515 2486 eum
539 2452 571 2487 ex
594 2435 732 2502 paludibus
746 2434 871 2502 silviflque
887 2435 991 2499 elicere,

37 2501 91 2555 siue
107 2503 245 2557 obsidione
254 2522 373 2571 premere
387 2510 488 2571 posset3
504 2503 591 2572 legati
607 2504 642 2557 ad
663 2522 724 2557 oum
740 2504 869 2573 principes
886 2504 990 2557 Aeduo-

39 2587 96 2623 rum
109 2573 235 2638 veniunt,'
243 2580 356 2636 oratum,
370 2581 399 2626 ot
414 2575 526 2625 monime
537 2575 680 2625 necessario
693 2582 807 2642 tempore
819 2574 920 2625 civitati
930 2574 992 2625 rub·

38 2643 139 2695 veniet:
157 2660 256 2694 summo
272 2660 325 2695 erre
336 2644 363 2694 in
373 2643 488 2709 periculo
504 2660 575 2703 rem‚·
594 2644 677 2710 quod,
694 2661 771 2711 quum
789 2644 888 2710 singuli
901 2643 991 2711 magt-

40 2716 134 2763 drutoc
148 2712 291 2780 antiquitus
305 2712 391 2763 creari
404 2718 482 2778 atque
496 2712 600 2779 regiam
613 2719 770 2779 potestatem
783 2728 880 2762 oneum
892 2712 991 2763 obtine·

38 2794 64 2829 re
77 2789 246 2843 consuessent,
254 2781 304 2831 duo
318 2780 503 2849 magistralem
515 2787 613 2849 gerant
628 2788 654 2832 et
666 2798 694 2831 re
706 2789 818 2849 uterque
824 2797 910 2831 eonem
922 2781 992 2850 legi-

38 2846 82 2897 bus
103 2856 221 2900 creatum
244 2866 297 2901 esee
317 2850 397 2903 dicut.
430 2848 530 2900 Horum
550 2866 604 2900 esre
624 2851 736 2902 alterum
757 2849 991 2914 Conuictolitauem,
1026 2891 1029 2894 .

33 2916 169 2979 florentem
186 2925 212 2969 et
223 2917 356 2969 inlustrem
378 2917 564 2969 adolescentem
572 2934 583 2980 ‚·
603 2919 714 2970 ultorum
734 2919 839 2982 Cotum,
864 2920 991 2988 antiqnit-

38 2985 102 3036 sime
112 2987 223 3052 familia
237 2994 352 3051 nutum,·
365 2994 442 3055 etque
453 2988 535 3053 iprum
551 2986 679 3038 bominem
693 3004 809 3039 rummoe
819 2990 951 3055 potentiae
964 2995 992 3041 et

39 3068 153 3123 magnae
166 3056 345 3123 cognationie,·
363 3056 434 3109 cetur
447 3060 537 3121 freter
553 3056 701 3107 Valetiacus
711 3058 826 3123 proximo
840 3074 906 3109 aeno
919 3075 990 3110 eom-

41 3122 97 3174 dcm
108 3126 296 3193 magistratum
307 3124 431 3195 gesserit.-
448 3125 580 3175 civitatem
592 3141 693 3175 omnem
706 3142 759 3177 erre
772 3127 800 3176 io
811 3128 906 3189 crmin,
923 3127 992 3178 diui-

40 3206 93 3243 eom
104 3201 239 3255 renatum,
258 3192 368 3244 divisum
378 3194 516 3261 populum
541 3209 602 3244 eune
615 3194 735 3262 cuiusque
750 3212 837 3247 eorum
850 3196 993 3248 clientelae.

43 3258 114 3323 Quod
128 3264 151 3313 ri
166 3262 265 3313 diutius
284 3262 373 3313 aletur
394 3262 583 3323 controversie,
601 3266 676 3327 fore,
700 3264 741 3317 uti
756 3281 821 3332 pure
839 3281 897 3317 cam
913 3271 992 3333 parte

43 3330 152 3383 civitatis
164 3331 290 3401 confliget
297 3348 307 3394 ,·
324 3331 355 3385 id
365 3331 517 3385 neeeer'dct
526 3332 641 3399 perituro
656 3333 685 3385 io
695 3334 750 3389 eiua
761 3334 993 3404 diligentiamque

44 3402 202 3455 auctoritate.
492 3420 496 3435 ⁶
546 3410 548 3419 ’
