2317 3809
170 169 173 174 ¹
282 186 289 192 ’
315 219 395 276 uin.
411 221 433 275 1.
464 184 696 280 anniam
940 213 1004 281 169

25 361 202 415 revocantur
212 358 338 427 notisquev
346 359 485 416 itineribus
498 362 533 415 ad
544 377 626 416 naves
639 362 786 418 damnant.
820 363 936 430 blidtcs,
951 380 1002 432 po·

27 431 89 484 sitis
107 429 480 494 scalis‚mnrosadscendunt;
497 432 544 484 sed
553 430 648 485 moniti
660 433 1003 498 aBrnndisinis‚utvallum

27 516 151 554 caecum
165 500 301 566 fossasque
316 507 434 565 caveant,
450 501 592 554 subsistunt
604 508 638 567 et,
653 502 835 572 longoitinere
847 505 882 555 ab
891 503 935 555 his
948 503 1001 556 eie,

28 567 191 631 cumduofi,
209 568 243 620 ad
258 573 362 636 portum
383 569 537 640 perveniunt
557 571 674 638 duasque
687 589 768 626 naves
788 589 849 624 cum
864 571 1005 635 nn’litr'bos,

27 657 108 706 qnae
122 638 160 690 ad
174 638 258 688 moles
272 638 391 692 Caesaris
405 640 586 706 mhaesmant,
603 641 709 709 scaphis
721 640 896 710 firmamque
907 643 1002 710 depre-

26 709 176 769 manunt,
194 707 366 773 deprehensas
379 708 519 778 excipiunt.

110 773 156 828 29.
177 776 288 840 Caeam,
306 777 355 830 etsi
365 779 400 830 ad
412 795 485 845 spem
499 777 653 853 mnflcicndi
667 778 769 847 negotii
777 777 893 832 maxime
904 780 1003 846 proba·

27 848 92 910 bat,
106 842 209 898 coactis
220 845 331 898 navibus
342 862 416 900 mare
424 847 537 900 transire
544 847 735 914 etPompeiam
746 849 827 916 sequi,
838 848 912 916 prius
921 863 1005 915 quana
1068 904 1073 912 ,

27 916 80 968 ille
103 931 167 966 sese
181 915 363 969 transmarinis
376 915 481 970 auxiliis
489 917 668 970 confirmaretr
684 918 835 973 ameneius
848 917 890 970 rei
899 933 1005 971 monna
1052 941 1061 954 ·

28 982 222 1051 temporisque
234 983 454 1053 longinquitatem
461 986 577 1048 timebat,
594 987 673 1052 quod,
689 988 810 1040 omnibns
820 986 917 1040 coactis
927 985 1004 1039 navi·

28 1055 103 1118 bus,
121 1051 266 1120 Pompeius
283 1060 447 1121 praesentem
467 1056 621 1108 facultatem
638 1055 791 1122 insequendi
806 1055 848 1108 sui
859 1057 1004 1111 memore

29 1122 268 1190 Relinquebatur,
287 1128 316 1175 ut
330 1141 361 1176 ex
371 1122 601 1194 longinquioribus
612 1124 765 1193 regionibus
780 1125 887 1178 Galliae
897 1123 1004 1178 Piceni-
1092 1135 1097 1142 ’
1120 1161 1124 1168 ι

32 1209 90 1260 que
107 1198 172 1256 eta
184 1191 251 1243 ireto
261 1207 342 1245 nares
357 1201 442 1247 essent
461 1193 657 1260 exspectandae.
690 1196 722 1248 ld
736 1201 842 1263 propter
857 1193 921 1246 anni
933 1200 1003 1246 tem-
1054 1223 1056 1227 ·

11 1273 12 1276 ’
31 1279 87 1329 pus
105 1261 222 1328 longum
234 1266 312 1328 atque
322 1261 466 1330 inpeditum
482 1262 629 1316 videbatur.
657 1263 760 1316 interca
770 1271 888 1316 veterem
901 1261 1003 1316 exerci-

32 1341 109 1394 tum,
124 1329 194 1380 duas
203 1329 346 1397 Hispanias
358 1331 517 1396 confirmari,
525 1332 744 1402 (quammultae
753 1339 811 1386 crat
820 1331 945 1384 maximis
955 1333 1003 1384 bc-

33 1397 145 1452 reficiis
164 1398 290 1465 Pompeio
307 1400 441 1471 detineto)
461 1401 575 1466 auxilia,
593 1400 739 1468 equitatum
759 1402 866 1471 parari,
884 1401 1005 1456 Galliam

32 1467 204 1532 Italiamque
218 1467 327 1532 tentari,
348 1487 377 1521 sc
392 1471 514 1536 absente,
531 1471 646 1523 nolebat
973 1480 975 1485 ’

110 1533 157 1588 30.
175 1535 268 1602 ltaque
280 1536 308 1587 in
321 1539 469 1604 praeseutia
480 1539 601 1607 Pompeii
613 1538 765 1607 insequendi
781 1538 911 1594 rationem
923 1538 1004 1592 omit-

34 1605 88 1668 tit3
106 1603 137 1658 in
154 1603 312 1672 Hispaniam
327 1607 459 1674 proticisci
472 1608 621 1671 constituit3
638 1607 784 1660 duumviris
798 1608 1004 1677 municipiorum

35 1674 165 1726 omnium
178 1673 336 1740 imparat,nt
349 1683 429 1728 naves
441 1677 597 1743 conquirant
606 1677 829 1744 Brundisiumque
843 1679 1007 1742 deducendas

37 1747 144 1795 curent.
162 1743 247 1797 Mittit
255 1743 283 1795 in
290 1743 439 1798 Sardiniam
447 1745 1005 1816 caerlegioneunaValerinmlegatnmin

35 1811 166 1864 Siciliam
173 1812 312 1866 (iuriam
317 1813 516 1882 Propraetorem
525 1833 586 1868 cum
591 1815 739 1884 legionibus
745 1815 1005 1882 quatuoneumdcm,

35 1894 127 1948 qaum
140 1880 263 1933 Siciliam
274 1883 429 1950 recepisset,
445 1883 563 1950 protinus
577 1885 606 1936 in
618 1883 737 1937 amam
751 1883 919 1936 transducere
928 1899 1005 1935 orer-

38 1950 128 2001 citum
139 1949 223 2002 iubet.
257 1951 410 2004 Sardiniam
427 1952 561 2005 obtinebat
576 1954 615 2007 bb
630 1953 723 2018 Getta,
741 1951 863 2005 Siciliam
875 1953 914 2004 Μ.
928 1952 1005 2014 Cato,

37 2019 365 2072 normannorum
381 2019 499 2074 aarum
512 2007 631 2074 asanaa
666 2019 963 2084 amnesamnes
976 2037 1007 2072 ω

37 2087 182 2140 Valerium
195 2089 265 2141 mitti
277 2090 423 2154 audierunt,
437 2091 553 2144 nondum
563 2091 682 2157 protecto
696 2107 729 2142 ex
741 2089 838 2154 ltalia,
854 2106 903 2142 sua
913 2096 1007 2157 sponte

38 2172 74 2209 ex
85 2157 186 2225 oppido
201 2159 305 2211 Cottam
327 2159 444 2212 eiiciant.
461 2161 511 2212 lile
521 2160 684 2228 perterritus,
697 2160 766 2226 quod
782 2173 888 2212 omnem
898 2157 1007 2227 provin—

38 2226 116 2280 ciam
135 2227 281 2280 consentire
299 2229 478 2297 intellegeret,
500 2246 533 2281 ex
550 2228 673 2282 Sardinia
694 2229 721 2280 in
740 2228 859 2281 Ais-icum
877 2227 1005 2296 profugit.

40 2297 112 2349 Cato
123 2295 153 2348 in
165 2294 258 2348 Sicilia
276 2313 357 2349 navos
372 2299 467 2368 longas
480 2305 580 2351 veteres
596 2297 743 2360 reficiebat,
760 2313 843 2350 noma
854 2297 1007 2350 civitatibus

40 2363 192 2433 inperabat.
225 2366 301 2420 Haec
317 2381 416 2436 magno
434 2367 520 2420 studio
538 2369 646 2436 agebat.
676 2368 707 2420 ln
721 2365 833 2419 Mennis
854 2366 1008 2434 amuisqee

40 2451 90 2501 per
103 2435 207 2503 legatos
221 2450 283 2486 suos
294 2434 393 2488 civium
411 2437 593 2488 Romanorum
609 2437 721 2489 dilectus
741 2436 1006 2504 habebatzequitum

40 2503 216 2570 peditumque
231 2507 332 2558 certum
343 2505 662 2564 numerumacivitatibas
676 2504 785 2558 Siciliae
791 2505 923 2574 exigebat
939 2502 1008 2570 Qut-

41 2574 94 2625 bns
110 2574 191 2624 rebus
204 2589 288 2638 paene
305 2573 440 2641 perlectis,
465 2576 580 2628 advena
601 2575 723 2627 &aionis
741 2574 864 2643 cognito,
888 2573 1008 2641 qncritar

40 2641 70 2692 in
80 2641 217 2705 concione,
224 2659 279 2694 eoae
289 2645 433 2710 proiectam
440 2661 471 2696 or
475 2645 609 2714 medeare
621 2661 640 2696 n
654 2645 700 2705 Gn.
710 2643 839 2728 Pompeio,
853 2645 906 2710 qni,
923 2642 1007 2694 anani·

42 2711 92 2762 bna
110 2711 187 2762 rebus
206 2712 430 2779 inpertiamus,
452 2729 504 2766 non
517 2714 691 2766 manerium
703 2714 797 2764 bellom
807 2710 958 2779 accepisset
970 2717 1007 2773 et,

42 2780 77 2830 ab
94 2796 123 2832 aa
143 2779 299 2848 reliquisque
319 2783 348 2833 in
375 2784 475 2836 Senatu
496 2785 686 2853 interrogatae,
711 2783 799 2833 omnic
821 2782 871 2832 eibi
894 2797 949 2833 aare
968 2779 1007 2832 ad

43 2849 142 2900 bellem
162 2856 227 2916 opta
249 2867 281 2901 ac
301 2859 415 2918 perata,
431 2853 643 2922 confirmavisset.
676 2849 792 2905 Haecin
804 2849 929 2905 cenem
941 2865 1007 2918 qua-
1064 2893 1066 2898 .

42 2917 381 2989 stnsexprovinciaiugit.
505 2973 508 2986 ,
753 2940 755 2945 ’

115 2986 162 3040 al.
185 2986 264 3039 Nacti
282 3004 379 3042 menas
401 2991 436 3044 ab
460 2989 578 3058 imperiis
595 2987 747 3042 Minium
766 2985 899 3050 Valerius,
926 2985 1008 3042 cerm

43 3054 178 3120 Siciliam,
197 3073 258 3108 cnm
271 3059 428 3113 exercitibus
439 3077 470 3114 co
481 3059 645 3128 perveniant
679 3057 794 3120 Tubero,
805 3073 886 3123 quum
896 3055 925 3108 in
934 3054 1008 3109 Airi-

44 3141 108 3177 cam
122 3124 251 3191 venisset,
267 3126 368 3180 invenit
386 3129 415 3184 in
431 3129 567 3198 provincia
585 3145 647 3180 oum
659 3126 772 3194 imperio
783 3125 884 3180 Attimn
897 3128 1007 3190 varana

45 3195 92 3261 qui
107 3195 142 3246 ad
158 3195 315 3262 Auximum,
337 3203 456 3266 utsupra
469 3197 713 3260 demonstravimus,
730 3195 832 3249 amissis
844 3195 1008 3259 cohortibus,

45 3263 167 3331 protirsus
182 3281 213 3316 ex
226 3266 293 3336 iuga
303 3266 332 3320 in
346 3267 463 3320 Africam
476 3271 631 3336 pervenerat
637 3273 783 3337 atqneeam
799 3282 846 3318 sna
860 3270 951 3333 sponte
958 3281 1008 3317 va·

46 3349 126 3386 cuam
143 3340 330 3410 occupaverat,¹
339 3335 487 3404 dilectuque
497 3337 590 3406 habito
605 3337 670 3389 duas
680 3334 799 3404 legiones
811 3335 944 3396 effecerat,
956 3335 1008 3386 ho-

45 3402 153 3462 minum
164 3408 191 3460 et
203 3404 323 3462 loconun
334 3404 429 3462 notifia
442 3402 528 3462 etiuu
538 3404 595 3461 eins
609 3403 864 3534 provinciagnactm
875 3402 962 3466 adius
972 3401 1008 3457 ad
