2317 3809
85 245 90 252 s
155 178 220 241 aaa
384 161 900 251 anannnoursanuruusr

191 330 248 377 turn
258 342 319 375 enm
332 320 462 390 pracsidio
473 320 632 375 introruittit.
667 322 726 389 lpse
744 326 830 375 castra
846 322 880 374 ad
893 320 1018 390 oppidum
1035 322 1111 389 ponit.

180 401 220 447 rat
236 395 302 445 benc
319 409 456 460 magnam-
470 391 540 441 intra
564 391 784 457 Pompeianarum
809 392 925 459 partium
947 391 1112 459 praesidium,

156 465 226 531 quod
240 463 359 514 Caesaris
374 460 533 529 praesidium
550 469 684 527 receptum
697 460 878 530 indignaretur
894 463 962 512 clam
978 462 1112 528 quemdam

154 532 312 597 Philonem,
333 532 428 592 illum,
453 529 498 595 qui
515 529 735 595 Pompeianarum
754 530 867 597 partium
890 531 981 582 luisset
998 532 1113 582 delensor

154 601 307 654 acerrimas.
339 602 363 651 ls
373 607 428 651 tota
440 598 573 649 Lusitania
585 598 734 651 notissimus
747 608 811 652 erat.
842 600 895 654 Hic
906 602 976 651 clam
988 600 1112 665 praesidia

154 670 317 724 Lusitaniam
329 668 503 736 proficiscitur
519 674 544 719 et
563 668 709 723 Caecilium
722 668 851 739 Nigrum,
876 668 1111 720 hominembarlra-

155 758 229 801 rum,
247 740 283 791 ad
294 740 402 790 lenium
415 736 550 797 convenits
572 737 619 803 qtri
636 738 701 788 bene
713 754 840 807 magnam
860 755 967 789 mansum
979 737 1112 789 Lusitano·

156 828 217 861 rum
230 811 348 860 haberet.
366 809 467 858 Rursus
481 806 507 856 in
522 802 656 871 llisp'alim
669 807 793 873 oppidum
808 808 892 859 denuo
907 814 985 858 nocta
1000 824 1048 873 per
1058 825 1111 857 mu

156 896 217 931 rum
232 877 370 943 recipitnr3
391 874 549 941 praesidium
566 875 714 943 vigilesque
732 876 869 951 iugulant,
892 882 982 943 portas
998 877 1111 943 praeclu-

156 948 235 1011 dunt,
253 948 285 997 de
297 946 399 1013 integro
413 960 531 1011 pugnare
544 952 692 1010 coeperunt.

226 1016 269 1069 36.
293 1018 364 1065 Dum
386 1015 453 1077 lsaec
470 1021 614 1080 geruntur,
645 1012 727 1081 legati
743 1012 903 1065 Carteienses
922 1014 1111 1079 renunciarent,

156 1087 226 1153 quod
240 1084 396 1150 Pompeium
408 1081 435 1133 ia
447 1088 601 1148 potestatem
616 1084 750 1134 haberent.
774 1082 850 1148 Quod
864 1090 923 1133 ante
936 1085 1044 1135 Caesari
1058 1102 1112 1150 por-

156 1163 197 1207 tas
213 1153 427 1221 praeclusissem,
450 1152 498 1202 illo
516 1150 644 1213 beneficio
662 1168 737 1203 suum
752 1152 912 1203 maleficium
932 1154 1112 1206 existimabant

156 1242 185 1275 se
200 1224 361 1275 lucrifacere.
396 1219 514 1272 Lusitani
532 1220 638 1291 Hispali
656 1238 774 1289 pugnare
789 1222 861 1272 nullo
876 1228 995 1287 ternpore
1011 1223 1111 1274 desiste

51 1296 59 1309 ‘
153 1294 228 1346 baut.
263 1291 341 1357 Quod
360 1291 456 1341 Caesar
474 1306 555 1354 qurum
572 1290 805 1353 animadverteret,
837 1290 860 1341 si
881 1292 1006 1359 oppidum
1025 1308 1112 1357 capere

155 1362 335 1422 contenderet,
358 1367 388 1411 ut
402 1358 522 1409 homines
536 1359 630 1425 perditi
644 1358 810 1411 incenderent
830 1366 856 1411 et
868 1361 972 1411 moenia
993 1362 1111 1424 delerent,

155 1430 193 1482 ita
206 1430 315 1481 consilio
331 1428 423 1479 habito
442 1434 536 1489 noctu,
548 1456 551 1465 ·
561 1428 660 1493 patitur
677 1428 816 1479 Lusitanos
833 1431 995 1495 eruptionem
1016 1432 1111 1483 iacere:

155 1500 182 1551 id
198 1500 266 1565 quod
284 1499 402 1549 consulto
421 1514 472 1547 noa
489 1496 672 1548 existimabant
690 1498 756 1549 fleri.
790 1498 831 1549 lta
847 1500 1007 1565 erumpendo
1029 1516 1113 1561 naum,

156 1584 225 1635 qrrae
236 1569 270 1620 ad
280 1567 385 1619 Baetim
398 1566 495 1616 flumen
512 1566 635 1629 finissent,
658 1566 806 1618 incendunt.
839 1568 927 1619 Nostri
947 1570 1011 1620 drrm
1029 1568 1112 1621 iucen-

156 1638 200 1689 dio
211 1638 373 1700 detinentur,
389 1634 430 1686 illi
443 1634 596 1706 pnsmginnt
613 1640 639 1687 et
652 1636 685 1686 ab
698 1636 828 1702 equitibus
843 1638 1022 1689 conciduntur.
1058 1639 1112 1701 Quo

155 1708 241 1770 lacto,
259 1705 356 1773 oppido
369 1711 536 1769 recuperato,
553 1705 644 1756 Astam
656 1704 707 1756 iter
717 1707 805 1756 lacere
818 1706 917 1773 coepit,
935 1722 967 1757 ex
982 1722 1038 1773 qua
1053 1706 1113 1757 civi-

155 1782 210 1829 tate
220 1776 303 1844 legati
316 1776 349 1826 ad
361 1774 519 1827 deditionem
530 1779 671 1836 venerunt,
690 1774 912 1841 Mundensesque,
936 1776 982 1841 qrri
994 1792 1028 1827 ex
1043 1792 1113 1842 proc·

155 1846 193 1900 lio
204 1845 232 1896 in
246 1844 371 1910 oppidum
381 1844 568 1911 confugerant,
578 1860 659 1909 quum
671 1843 767 1895 diutius
781 1844 1037 1907 circumsiderentnr,
1051 1846 1113 1895 bene

93 1917 98 1921 ”
154 1915 232 1976 multi
244 1914 403 1967 deditionem
420 1912 521 1963 iaciant
535 1918 573 1975 et,
593 1930 673 1977 qurum
688 1919 772 1966 essent
783 1914 810 1965 in
828 1913 959 1981 legionem
974 1913 1113 1976 distributi,

155 1984 292 2038 coniurant
305 1983 373 2033 inter
383 2000 424 2045 sc,
447 1990 477 2033 ut
491 1988 569 2033 noctu
585 1981 661 2049 signo
684 1983 759 2045 datto,
773 1982 822 2049 'qui
842 1982 868 2033 in
881 1984 976 2049 oppido
996 1984 1112 2045 fuissent,

154 2054 317 2119 eruptionem
329 2053 458 2104 lacerent:
472 2050 513 2101 illi
530 2052 637 2101 caedem
655 2049 682 2101 in
696 2051 788 2104 castris
802 2052 1024 2104 administrarent.
1058 2054 1113 2103 Hac

153 2139 185 2175 rc
194 2123 300 2191 cognita
308 2120 474 2190 ,insequenti
486 2125 563 2171 nocte
573 2118 668 2194 vigilia
680 2119 757 2173 tertia
768 2126 866 2174 tessera
878 2122 952 2186 data,
971 2130 1047 2175 extra
1059 2122 1113 2173 ral-

154 2192 211 2245 lum
225 2208 315 2243 omncs
323 2198 383 2242 strat
396 2189 500 2241 concisi.

222 2259 267 2312 δῖ.
284 2258 444 2313 Carteienses
458 2261 557 2322 Duces,
575 2258 638 2311 dum
649 2259 746 2311 Caesar
762 2258 790 2311 in
800 2258 892 2311 itincre
905 2258 1010 2327 reliqna
1021 2258 1114 2326 oppida

154 2330 307 2399 obpugnat,
330 2335 437 2395 propter
459 2327 616 2394 Pompeium
635 2329 771 2381 dissentire
783 2334 930 2395 coeperunt.
964 2330 1034 2381 Pars
1052 2334 1113 2391 erat

154 2415 224 2467 quac
232 2400 335 2468 legatos
346 2399 380 2449 ad
393 2399 533 2450 Caesarem
545 2398 665 2461 miserat,
677 2415 747 2464 pars,
758 2398 803 2465 qui
817 2399 1043 2465 Pompeianarum
1055 2415 1114 2465 par-

154 2468 221 2521 tium
235 2470 350 2519 tantares
361 2474 453 2519 asena
488 2466 622 2532 Seditinne
632 2468 775 2530 concitata,
792 2474 879 2535 portas
894 2474 1045 2533 occupant:
1058 2484 1115 2518 eae·

154 2538 200 2589 des
213 2538 244 2589 tit
258 2554 369 2607 magnas
381 2534 628 2602 sauciusPompeius
639 2553 720 2588 naves
728 2537 776 2588 xx
789 2545 899 2603 occupat
911 2537 1006 2605 longas
1022 2544 1049 2589 et
1056 2553 1116 2603 pro·

145 2607 233 2675 ‘tugis
256 2606 365 2669 Didius,
381 2606 426 2673 qni
438 2606 519 2656 Gadis
532 2605 610 2656 classi
624 2604 791 2671 praefuisset,
807 2606 854 2671 (ad
867 2622 944 2673 quern
956 2604 1039 2659 simul
1052 2624 1115 2657 nun·

154 2675 211 2727 cius
223 2678 327 2728 adlatus
337 2680 390 2738 est,
407 2673 543 2725 confestim
556 2675 738 2741 aequicoepit:
753 2675 848 2740 partim
860 2676 988 2741 peditatus
1004 2682 1032 2727 et
1043 2674 1116 2741 equi-

155 2750 225 2797 tatns
236 2747 270 2797 ad
284 2745 489 2812 persequendam
501 2740 620 2796 celeriter
638 2742 688 2795 iter
700 2743 857 2808 iaciebantzl
876 2744 937 2795 item
951 2751 1049 2810 quarto
1066 2744 1114 2807 die,

154 2814 322 2883 maigetione
344 2815 475 2876 conlecta,
491 2812 657 2877 consequitur
669 2830 722 2865 eos.
756 2814 832 2877 Quod
840 2814 958 2881 inparati
977 2829 994 2864 a
1011 2812 1116 2865 Carteia

68 2899 70 2908 ·
154 2884 264 2949 protecti
274 2883 331 2935 sine
340 2899 409 2949 aqua
420 2882 544 2941 fuissent,
559 2882 593 2933 ad
607 2886 705 2933 terram
718 2880 857 2947 adplicant.
891 2883 962 2936 Dum
975 2890 1114 2949 aquantur,

152 2950 248 3005 Didius
260 2954 344 3003 clame
357 2952 487 3013 occurrit,
503 2966 584 3002 naves
592 2950 717 3014 incendit,
735 2953 872 3003 nonnullas
888 2950 967 3017 capit.
1003 2952 1116 3018 Pompe·

125 3075 129 3080 ,
153 3018 195 3073 ius
208 3037 269 3139 epm
281 3021 370 3088 panus
381 3020 501 3089 protegit
515 3026 542 3073 et
560 3021 650 3087 locum
660 3021 800 3088 quemdam
817 3020 948 3075 munitum
961 3024 1062 3074 natura
1074 3038 1115 3073 oc·

152 3105 221 3157 capa
235 3128 241 3139 .

31 3192 41 3200 .
144 3160 149 3176 '
222 3154 267 3207 38.
284 3156 426 3222 Equiteset
436 3158 565 3223 maestes,
576 3158 688 3225 quaead
700 3160 906 3229 persequendum
912 3156 1010 3210 missae
1021 3162 1115 3221 esseut,

153 3224 359 3291 speculatoribus
369 3233 429 3277 ante
442 3227 529 3279 missis
539 3228 661 3280 certiores
673 3229 754 3281 fiante
771 3230 841 3281 diem
857 3236 884 3281 et
895 3234 998 3279 noctem
1009 3228 1063 3279 iter
1078 3229 1115 3278 iu-

100 3318 104 3324 ,
153 3294 234 3347 duat.
267 3293 568 3358 Pompeiushumeroct
580 3296 685 3353 sinistro
705 3314 781 3349 crure
795 3300 963 3350 vehementer
981 3306 1042 3349 erat
1056 3313 1117 3348 sau·

152 3364 218 3417 dus.
250 3362 314 3418 uae
324 3363 476 3429 warena,
493 3370 523 3418 ut
534 3366 618 3421 enam
636 3368 720 3421 turm
732 3364 892 3421 intorsissus
916 3382 984 3435 quae
1002 3382 1047 3419 res
1058 3380 1116 3417 ma-
