2317 3809
313 210 398 306 ΔΜΒ.
414 209 459 263 IV.
494 210 581 268 GAP.
598 210 722 270 25-80.
965 208 1008 275 65

46 366 116 413 snm,
136 366 223 417 quum
235 351 270 402 ad
283 367 329 402 eos
343 351 454 403 ornwria
479 350 558 401 ruodo
578 350 747 418 imperatoria
766 356 890 409 munau
906 359 1007 425 perier·
1030 395 1034 404 .

45 430 96 481 ret,
114 422 371 487 comprehenderant
382 428 460 487 etque
472 420 500 470 in
512 420 619 471 vincula
639 421 815 475 coniecerant:
832 433 906 488 turn,
929 446 1007 495 proe-

45 488 79 537 lio
94 491 187 553 facto,
205 489 364 540 remiserunt
375 498 400 540 et
411 490 438 541 in
448 491 560 556 petenda
574 506 640 555 pace
651 490 708 541 eiua
719 492 758 543 rei
769 494 875 559 eulpam
892 495 921 547 in
935 499 1007 548 mul-

44 557 185 611 titudinem
198 560 364 609 centuleruut
377 566 418 623 et,
436 566 543 625 prepter
555 558 748 624 inprudentiam
769 570 799 612 ut
818 563 1006 630 ignosceretur,

44 627 203 691 petiverunt.
240 628 340 678 Caesar
360 635 479 693 questus,
504 627 592 693 quod,
609 646 692 695 quum
709 631 779 681 ultro
791 630 819 682 in
832 633 1006 687 continentem

43 696 142 763 legatis
156 696 246 747 missin
258 713 351 763 pacem
363 698 396 747 ab
409 696 581 764 repetissent,
600 698 700 750 bellurn
717 699 773 749 aine
791 717 885 752 canaan
902 702 1006 754 intulis-

43 774 108 827 eent,
125 766 268 834 ignoscere
280 765 462 831 inprudentiae
476 765 540 817 dixit
556 766 710 834 obsidesque
722 767 875 835 imperavitz
891 788 1006 837 quorum
1046 774 1052 785 “

43 834 84 885 illi
96 842 207 900 partem
219 835 307 885 statim
328 836 465 897 dederuut,
488 842 609 901 partem,
634 853 666 887 ex
692 838 920 905 longinquioribus
939 840 1006 892 lucia

43 904 209 973 arcessitam,
227 904 318 969 paucis
331 903 422 954 diebus
433 921 488 955 aeae
501 906 608 956 daturos
619 904 747 960 dixerunt
773 908 877 959 Interea
888 924 949 959 auce
962 926 1006 961 re·

43 971 166 1041 migrare
178 973 206 1023 in
218 990 297 1040 agros
310 973 442 1025 iusserunt
454 973 636 1039 principesque
647 975 762 1042 undique
776 994 919 1029 convenere
933 984 960 1030 et
975 996 1005 1031 ee

44 1042 219 1108 civitatesque
229 1059 290 1093 enas
302 1042 410 1093 Caesari
424 1044 609 1095 cummendare
622 1051 770 1110 coeperunt.

112 1110 158 1163 28.
176 1111 228 1163 Hie
242 1112 319 1161 rebua
332 1128 396 1177 pace
417 1113 586 1174 confirmata,
611 1119 671 1178 pont
690 1114 761 1165 diem
782 1116 848 1179 llll,
865 1132 944 1183 quiam
964 1123 1004 1171 eat

43 1178 69 1231 iu
80 1180 255 1231 Britanniam
269 1188 390 1242 ventum,
408 1197 487 1232 naves
508 1182 607 1243 lll'lll,
631 1183 665 1231 de
685 1183 778 1248 quibua
797 1202 878 1251 supra
894 1188 1004 1240 temon-

43 1255 158 1301 stratum
177 1255 230 1312 est,
254 1266 321 1315 quae
334 1249 436 1315 equites
461 1252 633 1313 sustulerant,
657 1268 688 1302 en
705 1252 837 1318 superiore
856 1263 933 1320 portu
950 1256 1003 1309 leni

42 1326 121 1371 vento
137 1320 280 1371 solverunt.
316 1319 482 1386 Quaequnm
494 1319 731 1387 adpropinquarent
749 1322 902 1375 Britanniae
924 1332 951 1377 et
970 1334 1003 1377 et

44 1388 138 1439 antris
150 1388 310 1451 viderentur,
327 1394 401 1439 tanta
415 1397 554 1457 tempestae
565 1388 652 1441 subito
663 1397 754 1441 coorta
764 1397 812 1455 eat,
829 1400 860 1444 nt
870 1394 944 1445 nulla
956 1409 1003 1445 ea·

42 1474 101 1508 rum
115 1474 226 1509 cursum
241 1464 330 1509 tenere
342 1464 441 1523 penset,
459 1460 504 1510 sed
517 1458 585 1509 aliae
600 1459 707 1522 eodem
731 1461 800 1512 unde
819 1469 895 1513 erant
912 1464 1003 1529 prole·
1039 1474 1042 1481 '

43 1534 115 1589 ctae,
135 1528 308 1589 telenentur3
328 1527 396 1578 aliae
412 1528 446 1579 ad
459 1527 612 1579 inferiorern
624 1536 726 1595 partem
740 1528 855 1593 ineidae,
875 1526 944 1597 qnae
962 1537 1002 1585 est

42 1596 152 1662 propina
170 1595 234 1647 nolis
253 1612 391 1659 cecanum,
417 1613 517 1665 magne
534 1597 575 1648 nni
597 1615 659 1649 cum
677 1597 796 1664 periculo
814 1599 1000 1653 deiicereaturt

42 1682 109 1730 qnae
124 1672 229 1726 tamen,
247 1664 350 1716 ancoris
363 1665 438 1717 iactis
454 1684 536 1733 quum
547 1667 671 1718 fluetibus
687 1668 893 1733 complerentur,
910 1686 1001 1721 necea·

42 1735 113 1786 nario
126 1735 241 1787 adversa
250 1741 327 1785 nocte
337 1733 363 1785 in
376 1736 460 1786 altum
472 1743 610 1803 provectae
621 1736 796 1787 continentem
809 1738 946 1803 petierunt.

111 1803 157 1855 29.
174 1802 276 1854 Eadem
290 1810 366 1854 nocte
377 1804 487 1867 accidit,
505 1810 534 1855 ιιι
549 1811 617 1856 esset
631 1806 695 1857 luna
706 1807 796 1872 plena,
814 1806 860 1872 qni
871 1806 926 1857 dies
940 1824 999 1859 ma-

42 1872 155 1925 ritumos
171 1877 259 1923 aestua
272 1872 400 1923 maximos
413 1872 440 1924 in
452 1874 557 1925 Oceano
571 1874 677 1925 efficere
691 1874 837 1926 comuevit:
854 1875 1001 1941 nostrisque

42 1940 68 1991 id
87 1948 146 1993 erat
165 1940 337 2007 incognitum.
379 1941 421 1993 Ita
439 1959 492 1993 uno
507 1948 628 2009 tempore
649 1948 674 1993 et
686 1944 780 2011 longae
793 1958 888 2005 navea,
905 1943 1000 2009 quibua

43 2011 141 2062 Cacsar
151 2008 296 2062 exereitum
311 2012 538 2077 transportandum
557 2017 709 2073 curaverat,
728 2027 844 2078 quasque
855 2010 883 2062 iu
894 2012 999 2067 aridum

42 2082 217 2142 subduxerat,
235 2086 321 2131 aestua
340 2082 503 2147 complebat3
528 2085 554 2131 et
576 2078 726 2143 onerarias,
751 2095 818 2146 quae
836 2081 870 2131 ad
888 2098 999 2137 ancorae

43 2155 116 2201 erent
127 2148 270 2217 deligatae,
286 2155 426 2217 tempestae
434 2148 600 2211 adflictabat3
617 2166 701 2214 utque
711 2150 767 2201 ulla
778 2150 872 2201 nustria
884 2151 1000 2205 incultae

43 2224 87 2269 aut
98 2217 314 2281 administrandi,
338 2223 384 2270 ant
409 2217 566 2280 auxiliandi,
588 2218 707 2270 dabatur.
742 2219 927 2285 Compluribus
949 2238 999 2273 ua·

42 2286 117 2339 vibus
129 2286 235 2350 fractis,
252 2288 370 2353 reliquae
382 2304 463 2354 quum
477 2293 573 2350 meent,
591 2287 706 2350 funibus,
722 2288 827 2355 mcorja
838 2290 998 2357 reliquisque

43 2355 212 2408 armamentis
227 2356 344 2419 amissis,
362 2357 396 2408 ad
407 2356 585 2427 navigandum
606 2354 725 2418 inutiles,
748 2374 861 2425 magna,
877 2358 906 2410 id
916 2360 997 2425 xquod

43 2440 145 2478 necesse
160 2431 217 2477 erat
229 2425 360 2489 accidere,
377 2425 457 2477 tutius
468 2425 598 2477 exercitus
609 2426 772 2491 perturbatio
789 2428 861 2479 taeta
876 2434 932 2479 est:
948 2445 996 2479 ne-

44 2512 93 2559 que
105 2495 178 2547 enim
189 2511 268 2546 naves
282 2500 357 2547 erant
369 2494 454 2557 aliae,
473 2495 567 2561 quibua
582 2494 710 2561 reportari
722 2501 842 2561 poaeent3
860 2501 886 2548 et
906 2496 997 2549 omnia
1067 2554 1075 2563 ,

44 2564 157 2627 deerunt,
176 2580 243 2629 quae
257 2565 291 2615 ad
302 2562 455 2615 reficiendae
467 2580 511 2615 eas
523 2562 584 2615 ataui
593 2571 653 2615 aunt
664 2570 699 2625 et,
717 2566 786 2629 quod
796 2564 918 2615 omnibus
932 2581 996 2616 con-

44 2634 132 2696 stabat,
149 2632 265 2715 hiemari
277 2632 304 2683 in
313 2633 404 2686 Gellia
414 2638 541 2700 oportere,
557 2632 719 2685 frumentum
730 2632 774 2685 hia
785 2631 813 2683 in
822 2632 889 2685 lucia
900 2632 996 2686 inlrie-

42 2709 527 2841 nemssprogppbmupopfflfflgniffl,
544 2770 675 2837 principer
686 2768 854 2834 Britnnniee,
871 2769 918 2837 qui
935 2774 995 2839 poet

43 2841 171 2905 proelium
180 2842 279 2893 lactum
293 2842 327 2891 ad
340 2858 387 2905 ea,
404 2857 472 2909 quae
485 2839 595 2893 iusserat
608 2840 719 2901 Caeam,
736 2839 857 2892 iacienda
866 2857 995 2893 convene-

43 2914 113 2973 rant,
129 2910 200 2962 iuter
212 2926 240 2961 ae
255 2910 399 2974 conlocuti,
422 2908 504 2977 quum
526 2909 627 2977 equilen
644 2913 671 2961 et
688 2922 768 2959 naver
789 2915 815 2959 at
831 2910 994 2962 trumentum

43 2979 168 3031 Romania
182 2981 271 3031 deesse
282 2974 462 3047 intellegerent
472 2984 497 3031 et
507 2978 668 3045 paucitatem
679 2971 795 3028 militurn
806 2996 837 3029 ex
846 2985 993 3031 castrorum

43 3046 183 3115 exiguitate
199 3056 398 3117 cognoscerent,
415 3065 482 3115 quae
493 3049 546 3100 hoe
557 3052 632 3099 erant
643 3046 724 3099 etiam
737 3046 906 3115 angustiora,
922 3050 993 3115 qued

44 3114 96 3167 eine
107 3116 288 3183 inpedimentis
304 3119 403 3170 Caesar
414 3117 531 3185 legionen
548 3122 781 3182 transportaverat,
804 3117 933 3183 optimum
950 3120 992 3169 la·

45 3190 86 3235 ctu
97 3185 303 3249 cenodoxorum,
321 3186 464 3242 rebellione
476 3187 561 3248 laeta,
580 3186 711 3237 frumento
730 3193 929 3254 commeatuque
943 3203 993 3238 ne·

45 3258 108 3305 strue
118 3255 257 3321 probibere
270 3262 297 3307 et
311 3273 369 3307 reru
380 3256 407 3307 iu
418 3256 535 3307 hiemem
547 3254 704 3320 producere,
727 3256 810 3321 qued,
831 3256 865 3307 iia
876 3271 993 3322 eupere-
1047 3267 1051 3276 ‘

46 3320 92 3385 tin,
111 3330 155 3377 ant
165 3324 252 3377 reditu
264 3324 419 3388 interclusis,
436 3323 567 3377 neminem
581 3328 674 3390 penten
685 3323 749 3378 belli
758 3323 887 3377 moneat
899 3340 992 3380 camna

46 3388 72 3441 iu
84 3392 427 3451 Britanientransiturnm
440 3394 613 3447 confidebant.
1019 3405 1023 3411 '

859 3663 1019 3757 Ἀ
