2317 3809
161 206 208 271 u.
414 182 838 271 ‘ouuuuuo'eruuroo

161 352 362 422 septemtriones.
378 350 480 422 Belgae
487 354 520 404 ab
527 352 649 406 extremis
657 353 761 406 Galbae
771 352 866 405 finibus
877 348 1009 415 orientum
1025 350 1115 420 perti-

161 430 222 476 nent
237 424 271 475 ad
284 422 434 485 inferiorem
448 428 548 489 partem
560 422 674 474 fluminis
692 422 928 489 Rheoiaspeetont
948 422 977 473 in
995 428 1116 489 septem·

161 493 258 546 triones
270 496 296 545 et
307 492 431 544 orientem
443 492 533 543 s'olem.
567 491 708 558 Aquitania
718 492 877 543 aGarumua
888 491 996 543 flumine
1007 492 1041 542 ad
1052 493 1115 558 Py-

160 578 269 615 renaeos
279 566 379 613 montes
388 567 414 613 et
425 562 457 613 ad
466 577 524 613 eam
532 566 633 627 partem
646 560 752 626 Oceani,
769 565 884 629 quaeest
897 560 932 611 ad
942 560 1115 627 Hispanum,¹

160 632 287 699 pertinet,
304 634 401 697 spectat
414 629 482 681 inter
495 646 616 681 oeeasum
625 630 688 682 solis
701 635 727 681 et
739 628 943 696 septemtriones.

111 715 163 754 nu.
229 700 256 752 2.
275 700 352 765 Apud
363 698 498 750 Helvetios
512 700 592 768 louge
607 697 782 751 nobilissimus
798 703 824 751 et
837 698 979 750 ditissimus
990 695 1043 749 init
1056 695 1114 749 Or-

109 767 156 811 393·
182 768 273 822 etos-in
296 770 321 820 ls
339 768 377 819 Μ.
397 767 511 820 Messala
527 774 552 820 et
569 768 611 838 Μ..
618 768 713 821 Pisone
729 786 793 820 eoss.
814 766 891 836 regui
905 764 1048 858 eupiditspte
1064 766 1114 817 irr-

162 786 266 902 iuctus,
282 834 486 888 coniurationem
502 836 646 888 nobilitatis
656 836 717 888 tecit
728 842 754 889 et
765 836 865 888 civitati
876 834 1017 908 persuasit,
1028 839 1057 886 ut
1076 836 1114 887 de

160 908 256 960 linibus
270 904 323 958 suis
342 920 402 957 eum
423 903 541 962 omnibus
562 905 643 973 copiis
666 906 783 957 exirent!
795 904 920 972 perfacile
937 904 1006 966 esse,
1024 921 1113 969 quum

161 976 258 1028 uirtute
271 968 389 1026 om'oibus
405 978 579 1049 praestarent,
597 974 677 1025 totius
697 974 802 1025 Galliae
822 974 933 1039 imperio
954 972 1040 1039 potiri.
1077 974 1113 1025 Id

161 1046 212 1098 hoe
222 1043 326 1096 facilius
339 1041 376 1093 eis
387 1043 521 1107 personuit,
539 1042 608 1109 quod
619 1043 732 1109 undique
742 1042 794 1094 loci
805 1047 899 1098 natura
911 1041 1029 1094 Helvetii
1042 1058 1112 1093 eon-

162 1116 287 1167 tinentur=
303 1127 355 1163 uno
365 1128 397 1162 ex
408 1116 482 1176 parte
495 1112 603 1163 flumine
615 1111 710 1162 libeno
725 1110 853 1163 latissimo
867 1117 944 1177 atque
967 1110 1112 1177 altissimo,

137 1210 140 1225 ·
161 1182 207 1249 qui
221 1197 317 1249 agrum
326 1179 478 1231 Helvetium
491 1196 507 1231 a
518 1180 656 1231 Gennanis
666 1178 775 1246 dionisi
791 1181 875 1231 altera
892 1196 923 1231 ex
940 1185 1013 1245 porte
1028 1196 1111 1231 mon-

161 1259 188 1303 to
200 1252 260 1302 lura
272 1247 404 1311 altissimo,
422 1248 467 1315 qui
481 1253 519 1301 est
529 1249 597 1301 inter
609 1249 741 1315 Sequanos
755 1254 781 1301 et
790 1248 942 1311 Helvetios3
959 1248 1111 1301 tertialaeu

161 1320 293 1373 lemanno
304 1321 330 1369 et
341 1316 448 1368 flumine
463 1318 605 1381 Rhodano,
623 1318 669 1383 qui
682 1318 849 1370 Provinciam
860 1323 975 1378 nostrum
990 1318 1024 1368 ob
1036 1318 1110 1370 Hel-

159 1387 235 1441 vetiis
249 1385 348 1438 dividit.
382 1384 432 1438 His
444 1386 522 1439 rebus
536 1387 631 1449 tiebat,
648 1391 718 1439 utet
734 1385 819 1439 minus
836 1387 891 1461 late
906 1390 1064 1455 vagarentur
1078 1391 1110 1439 et

159 1458 245 1510 minus
254 1455 333 1507 facile
344 1454 470 1505 finitumis
483 1456 583 1507 bellum
596 1455 692 1507 inferre
705 1461 891 1522 possentt'qno
901 1456 933 1505 de
951 1471 1041 1506 caussa
1052 1455 1108 1507 bo·

158 1522 466 1590 mines¹bellandieupidi
477 1540 573 1592 magno
588 1524 677 1575 dolore
687 1523 882 1575 adliciebantur.
915 1524 968 1574 Pro
983 1523 1108 1575 multitu·

29 1632 33 1643 ⁴
159 1594 220 1647 diue
233 1598 321 1647 autem
331 1591 483 1655 bominum,
501 1600 527 1643 et
540 1609 587 1659 pro
604 1592 691 1660 gloria
707 1593 772 1645 belli
784 1599 861 1659 atque
876 1591 1043 1654 tortitudinis,
1054 1608 1107 1645 an-

75 1692 79 1705 *
157 1667 249 1733 gustos
261 1680 289 1713 se
298 1660 356 1712 finis
368 1661 467 1713 bebere
478 1661 688 1724 arbitrabantur,
705 1662 751 1727 qui
772 1661 800 1713 iu
821 1660 1011 1727 longitudinem
1026 1661 1109 1715 milia

158 1748 281 1800 passuum
293 1730 396 1792 CCXL,
413 1729 441 1785 in
450 1728 614 1781 latitudinem
626 1730 745 1781 cum
759 1730 890 1795 patebant.

228 1798 254 1853 3.
279 1798 329 1851 llis
347 1799 424 1849 rebus
444 1798 560 1859 adducti,
578 1802 605 1849 et
626 1798 781 1851 auctoritate
800 1796 966 1866 Orgetorigis
980 1798 1106 1865 pennoti,
1158 1836 1159 1845 ,

159 1869 360 1930 eonstitoerunt‚
382 1882 429 1930 ea,
454 1883 521 1933 quae
533 1866 567 1919 ad
581 1865 795 1933 prolieiseendmn
810 1867 979 1933 pertinerent,
996 1884 1106 1933 eompa-

158 1940 234 2000 ’τινος
249 1938 424 1989 iumentorum
434 1940 460 1987 et
473 1950 608 1988 carrorum
627 1951 705 2002 quam
724 1936 867 1995 maximnm
886 1952 1023 1988 numerum
1041 1952 1106 1988 eoe-

159 2024 245 2068 mere;
262 2009 386 2059 sementes
396 2021 476 2073 quaro
488 2005 616 2057 maximas
629 2006 729 2068 locere,
747 2010 776 2056 ut
793 2004 821 2056 iu
840 2003 933 2056 itinere
949 2004 1025 2071 eopia
1043 2005 1106 2057 iru-

82 2115 84 2123 s
158 2074 241 2127 menti
254 2075 412 2141 subpeteret3
428 2090 488 2124 eum
499 2072 625 2139 proximis
634 2074 782 2125 civitatibus
796 2088 886 2139 paoem
910 2078 937 2125 et
957 2072 1108 2127 amicitiam

109 2182 114 2191 .
159 2143 321 2195 continuere.
353 2142 447 2193 Adeas
460 2160 502 2193 res
514 2142 684 2195 conficiendas
699 2142 831 2193 biennium
842 2142 894 2193 sibi
906 2142 968 2206 satis
982 2158 1039 2194 esse
1052 2143 1106 2193 du-

159 2214 264 2274 xerunt,
287 2210 315 2261 in
338 2208 444 2261 tertium
465 2226 561 2262 annuum
581 2211 768 2277 profeationem
790 2211 851 2278 lege
866 2211 1026 2263 confirmant.
1059 2212 1107 2263 Ad

159 2297 204 2333 eas
218 2296 259 2331 res
274 2278 442 2331 conficiendas
456 2278 597 2348 Orgetorix
612 2279 744 2347 deligitur.
775 2280 801 2329 ls
816 2278 867 2329 sibi
888 2280 1047 2348 legationem
1065 2282 1106 2332 ad
1123 2340 1129 2345 ,

159 2348 279 2401 ciuitates
292 2347 416 2413 suseepit.
449 2348 479 2399 ln
498 2365 529 2399 eo
544 2347 637 2399 itinere
651 2347 788 2413 persuadet
802 2348 917 2411 Castico,
933 2350 1106 2402 (lotometra-

158 2417 225 2473 ledis
239 2416 309 2480 filie,
326 2416 459 2482 Sequano,
476 2416 549 2467 euius
564 2419 758 2484 peterregnurn
770 2416 797 2467 in
812 2416 938 2482 Sequanis
950 2420 1105 2469 multosan-

158 2503 206 2539 nos
218 2483 372 2549 obtinuerat,
388 2490 447 2536 eta
461 2484 488 2537 S.
502 2485 532 2536 P.
546 2484 580 2535 n.
592 2484 691 2536 amieos
704 2485 848 2551 adpellatus
864 2491 927 2549 erat,
944 2494 974 2539 ut
987 2504 1105 2555 regnum

93 2566 95 2575 ‘
159 2554 306 2607 incivitate
322 2569 370 2605 sua
389 2556 540 2619 oocuparet,
558 2554 628 2620 quod
647 2558 722 2620 pater
737 2560 801 2605 ‘anto
820 2554 963 2607 noemma
986 2555 1105 2622 itemque
1157 2561 1158 2564 ’

159 2622 317 2691 Dumnorigi
327 2622 430 2683 Aeduo,
446 2622 522 2673 tratri
536 2621 673 2687 Divitiaei,
690 2621 736 2688 qui
750 2638 782 2674 eo
797 2628 914 2687 tempore
926 2624 1104 2691 principatum

159 2692 188 2744 in
203 2692 309 2744 civitate
323 2690 456 2743 obtinebat
470 2708 501 2743 ae
520 2690 634 2743 maxime
652 2690 724 2758 plebi
743 2696 862 2757 aceeptus
881 2699 952 2755 erat,
977 2698 1007 2745 ut
1027 2693 1103 2747 idem

159 2760 310 2825 conaretur,
332 2760 468 2827 persuadet
490 2759 565 2827 eique
585 2760 670 2813 tiliam
690 2776 765 2813 suam
787 2760 816 2811 iu
831 2759 1026 2813 matrimonium
1044 2764 1102 2817 dot.

159 2829 290 2895 Ber-facile
307 2830 378 2881 iaetu
399 2846 470 2893 esse,
494 2829 548 2881 illis
568 2830 677 2895 probat,
703 2834 795 2881 eonatu
807 2829 945 2895 perlicere,
961 2835 1102 2897 propterea

159 2898 229 2965 quod
240 2897 295 2964 ipse
309 2914 370 2949 surae
385 2896 497 2949 civitatis
512 2896 650 2964 imperium
663 2898 813 2949 obtenturos
822 2903 902 2950 esset:
918 2916 969 2949 non
982 2916 1039 2951 esse
1049 2901 1102 2951 du·
1157 2947 1158 2950 ,

159 2966 249 3027 bium,
273 2965 335 3032 quin
354 2966 431 3018 totius
454 2966 557 3019 Galliae
578 2968 721 3032 plurimum
736 2966 855 3020 Helvetii
869 2972 985 3034 possent:
1001 2970 1101 3023 seruis

159 3034 240 3101 copiis
253 3050 349 3099 suoque
364 3034 477 3108 exercitu
490 3035 542 3087 illis
554 3052 636 3105 regnu
651 3035 861 3098 conciliatorum,
876 3036 1019 3091 confirmat.
1037 3038 1102 3091 Ilua

159 3102 279 3157 oratione
290 3101 406 3164 addocti,
422 3102 489 3157 inter
505 3120 533 3156 se
547 3104 626 3159 fidem
641 3109 667 3156 et
681 3103 861 3155 iusiurandum
873 3106 936 3156 dant
950 3112 993 3168 et,
1013 3122 1101 3174 regno

60 3216 64 3227 ·
158 3170 424 3305 tfddttttfl
433 3171 633 3307 ,tottila
653 3188 686 3228 ⁸⁰
706 3172 868 3227 mana
889 3175 1000 3241 ⁹⁰⁹⁰*
1016 3176 1101 3231 ‘⁰⁶⁰¹'

228 3308 253 3361 4.
271 3309 310 3359 Ea
324 3324 365 3359 res
379 3313 410 3359 nt
423 3312 462 3361 est
473 3310 601 3361 Helvetiis
615 3328 662 3378 per
674 3308 798 3363 indicium
815 3309 964 3374 mentiatur,
980 3311 1100 3369 moribus

159 3376 212 3433 tois
235 3376 419 3447 Orgetorigem
439 3392 472 3433 eu
495 3376 605 3433 vineolis
626 3395 744 3436 euenum
767 3378 853 3435 dicere
871 3387 1028 3451 coegerunt:
1049 3384 1098 3437 da·
