2317 3809
11 212 13 225 s
110 206 199 262 ura.
217 207 253 261 u.
289 206 378 261 oar.
395 204 509 259 Μ.
543 203 624 259 nro.
640 206 686 260 m
702 206 788 263 ear.
804 208 883 264 1-a
953 198 996 264 85

34 364 142 413 nosque,
168 362 239 414 quae
258 345 379 397 eirimtes
392 344 553 413 propinquae
572 344 616 395 his
636 344 703 397 locis
722 353 811 411 ment,
828 348 875 399 ehi
887 348 996 405 'bellurn

33 422 164 483 gesserat,
187 416 339 483 legionibus
357 415 383 465 ia
406 414 517 465 hiberna
540 414 672 471 deductis,
696 416 724 466 in
744 417 844 468 ltaliam
861 420 994 483 proiectus
1052 454 1057 475 .

33 494 74 545 ost.
92 488 128 538 ob
152 502 251 551 easque
273 502 323 546 res,
345 502 378 535 ex
392 483 487 535 litteris
503 483 632 547 Caemns,
649 483 705 535 dies
717 486 765 537 ΧΥ
780 486 934 554 supplicatio
948 489 994 541 de-

35 563 104 609 creta
115 562 174 620 est,
192 555 263 623 quod
275 562 337 607 eote
351 552 381 606 id
394 560 497 620 tempus
509 552 607 605 eccidit
617 552 693 607 nulli.

198 872 200 881 .
291 828 469 921 maan
497 830 811 905 uoaulvssa

355 968 674 1049 saovuaurru

103 1108 212 1160 &wiso
226 1108 321 1172 (iolla,
337 1110 442 1177 legates
451 1100 1036 1183 Caesariqgesterqrresrlurreabllprbasan

35 1176 189 1245 Allobroges
210 1195 300 1229 omar
316 1180 397 1241 altas,
421 1180 541 1246 subegltt
561 1178 717 1229 rebellantes
737 1185 764 1228 et
782 1181 870 1229 cestre
883 1181 1044 1249 legionum.

33 1247 195 1308 obsidentes,
221 1247 354 1313 eruptione
367 1250 460 1313 foeta,
483 1248 627 1314 mensuit
650 1246 773 1298 cl-u
807 1248 907 1299 Eodem
927 1258 994 1301 tete-

31 1331 95 1380 pore
110 1317 254 1379 Armenici,
271 1316 333 1368 lae
354 1318 445 1367 Veneti
465 1332 523 1367 cera
538 1317 675 1381 finitionis,
692 1316 790 1384 legatie
811 1320 934 1381 euentu,
949 1336 994 1371 re·

34 1385 151 1447 bellant,
174 1397 237 1451 quos
259 1386 357 1437 Caesar
373 1386 465 1437 mooli
486 1386 551 1436 bello
570 1386 671 1436 &neit
693 1403 716 1435 e.
733 1384 797 1436 l-
813 1384 857 1438 lu.
893 1385 995 1440 literis

34 1455 133 1505 Sabino
150 1455 252 1505 intereo
272 1456 389 1506 viscerae
408 1456 525 1516 Unellos,
549 1453 617 1505 alt
627 1482 664 1493 -
676 1454 719 1505 lo.
743 1455 835 1505 Oresso
850 1456 996 1523 Aquitanae

34 1540 53 1572 c.
68 1522 108 1574 2⁰
119 1552 157 1562 -
169 1522 213 1573 at.
249 1524 363 1575 Morinos
377 1525 574 1590 Menapiesqoe,
591 1524 679 1590 quaet
696 1525 761 1575 enei
782 1532 922 1591 tempestas
931 1543 994 1592 per-

34 1593 119 1656 misit,
147 1593 248 1645 Caesar
260 1594 382 1663 adfligit.-
400 1594 461 1644 dela
474 1610 533 1645 suos
547 1594 575 1644 in
587 1593 807 1646 ditemuredecit
823 1611 845 1647 c.
856 1592 901 1647 28.
915 1594 960 1649 29.

105 1797 131 1851 l.
150 1800 241 1864 Quum
256 1798 283 1851 in
298 1799 404 1852 ltaliam
410 1798 618 1867 proficisceretur
624 1799 729 1863 Caesar,
741 1798 864 1851 &tium
879 1800 995 1853 Galbam

35 1868 996 1937 rumlegioneduodedmeetparteequitutusinNeutuatis,l'eragrosSe·

36 1938 172 2004 doumque
188 1938 273 2001 misit,
297 1939 342 2005 qui
358 1940 392 1991 ab
410 1938 506 1990 linibus
521 1939 698 2006 Allobrogum
710 1944 739 1988 et
752 1939 813 1989 lacu
825 1938 959 1989 hmanas
969 1944 997 1991 et

36 2006 148 2058 flandae
168 2009 299 2059 Rhodano
318 2010 351 2060 ad
370 2024 485 2059 summas
499 2004 578 2073 Alpes
591 2008 727 2073 pertinent.
761 2007 861 2058 baama
875 2007 996 2060 mittendi

38 2076 106 2139 terit,
123 2078 195 2143 quod
216 2077 266 2129 iter
286 2076 441 2145 persipis,
460 2092 511 2143 quo
526 2092 625 2145 magno
638 2075 825 2143 cumpericulo
840 2076 996 2145 magnisque
1053 2102 1061 2119 ν

37 2162 100 2196 eum
109 2145 235 2211 portoriis
246 2153 403 2207 mercatores
416 2147 456 2197 irc
468 2150 640 2209 consuerent,
657 2144 773 2211 patelieri
786 2146 900 2199 volebat„
922 2147 996 2202 Huic

37 2212 174 2281 permisit,
200 2215 223 2267 si
240 2233 304 2282 opus
323 2234 380 2268 esso
399 2215 588 2277 arbitraretur,
608 2214 649 2267 uti
667 2214 695 2267 iu
715 2215 754 2267 eis
776 2216 842 2267 locis
861 2214 995 2286 legionem

38 2284 176 2335 hicmandi
193 2302 285 2336 caussa
305 2286 462 2337 conluceret.
505 2286 606 2348 Galba,
630 2284 749 2336 mundis
770 2286 871 2352 aliquot
887 2286 996 2355 proeliis

39 2353 135 2418 metis,
158 2355 322 2421 castellisque
341 2354 518 2422 compluribus
541 2370 633 2407 eorum
653 2354 822 2425 oppugnatis,
850 2356 941 2408 'missis
960 2356 997 2407 ed

39 2439 100 2474 crrm
114 2423 231 2489 undique
246 2424 340 2493 legatis
352 2423 537 2491 obsidibusque
549 2423 617 2475 detis
630 2431 657 2475 et
672 2425 835 2489 perelecta,
853 2424 996 2487 constituit,

40 2491 158 2543 cohortis
167 2494 233 2544 duas
248 2494 275 2544 in
291 2494 465 2545 Nantuatibus
480 2493 616 2546 conlocare
628 2498 654 2545 et
675 2492 731 2559 ipse
742 2510 802 2543 urm
817 2494 925 2559 reliquis
940 2493 998 2545 eiua

42 2560 154 2629 legionis
167 2563 319 2614 cohortibus
339 2562 366 2613 iu
382 2562 441 2614 uico
456 2563 648 2631 Veragrorum,
665 2562 710 2628 qui
722 2562 996 2627 adpellaturoctodu-

41 2647 101 2693 ras,
129 2630 262 2683 hiemare:
281 2632 327 2697 qui
346 2631 436 2697 aiens,
454 2632 553 2697 positas
570 2632 599 2683 in
616 2632 700 2694 vello,
716 2645 879 2699 caramagna
893 2631 997 2683 adiecta

41 2698 170 2765 planicie,
192 2700 326 2752 altissimis
345 2701 478 2752 snauhbus
491 2700 605 2767 undique
617 2700 769 2753 continetur.
801 2700 890 2765 Quum
904 2700 951 2752 hie
968 2700 996 2753 in

42 2768 105 2821 duas
119 2776 207 2836 partes
216 2770 326 2822 flumine
339 2770 512 2836 divideretur,
530 2772 641 2822 alteram
659 2776 761 2835 partem
770 2768 827 2820 eiras
842 2769 896 2821 rici
910 2771 995 2823 Gallie

43 2838 185 2903 concessit,
210 2840 338 2905 alteram,
361 2854 473 2895 vacuam
494 2839 527 2891 ab
550 2839 604 2891 illis
624 2838 759 2901 relictam,
777 2838 928 2892 cohortibus
950 2841 995 2907 [od

42 2906 224 2976 hiemandum]
237 2908 371 2961 adtribuit.
404 2910 473 2961 Eum
485 2910 573 2961 locum
583 2909 656 2960 vallo
666 2910 787 2973 leaeque
799 2909 921 2962 munivit.

108 2977 136 3029 2.
163 2978 252 3043 Quum
270 2978 325 3030 dies
344 2978 516 3031 hibernorum
535 2979 682 3045 eonqdures
700 2976 851 3030 transissent
877 2981 995 3032 immen-

42 3050 151 3113 tumque
171 3062 203 3097 eo
218 3048 375 3115 comportari
395 3048 526 3113 iussisset,
542 3046 630 3098 subito
647 3063 694 3113 per
706 3047 881 3113 exploratores
900 3050 996 3101 certior

43 3116 127 3167 lactus
143 3122 198 3178 est,
221 3131 253 3169 ex
274 3134 306 3169 ea
326 3117 485 3183 portatici,
509 3132 589 3184 quam
605 3115 691 3167 Gallis
710 3124 883 3182 concesserat,
905 3136 995 3170 ornnes

43 3192 119 3236 noctu
136 3186 296 3251 discessisse,
313 3194 477 3253 montesque,
495 3186 540 3266 qui
554 3184 744 3251 impenderent,
763 3201 779 3237 a
795 3188 911 3241 murima
924 3189 995 3241 mul·

44 3252 154 3307 titudine
165 3255 330 3308 Sedunorum
345 3262 372 3309 et
384 3258 560 3325 Veragrorum
573 3252 665 3306 teneri
696 3255 726 3306 ld
744 3255 844 3323 aliquot
854 3258 887 3308 de
898 3257 997 3311 caussis

44 3325 190 3387 occiderat,
209 3331 238 3378 ut
250 3327 336 3378 subito
352 3326 424 3379 Galli
443 3325 508 3377 belli
520 3323 662 3377 renovandi
674 3323 836 3393 legionisque
846 3328 995 3393 opprimen-

46 3392 93 3445 dae
111 3394 249 3449 consilium
270 3400 404 3464 caperrata
429 3395 557 3463 prinpum,
581 3392 652 3461 quod
670 3393 816 3461 legionem,
838 3413 922 3461 noque
935 3410 995 3445 earu
