2317 3809
324 214 446 296 11111.
480 238 709 328 11111541.
942 232 1005 299 175

41 377 162 442 reverti,
175 380 245 444 quod
257 379 293 430 ibi
307 380 454 446 paullulum
464 379 590 432 frumenti
600 379 774 446 reliquerant:
785 380 823 432 ibi
835 399 864 432 sc
872 380 1005 449 reliquum

42 449 190 500 consilium
204 450 379 516 explicaturos
389 450 559 500 eorsbdebaot.
583 451 702 501 Tarraco
715 452 806 502 aberat
819 452 935 518 lougius:
952 469 1005 518 quo

40 519 133 583 spatio
147 519 236 583 plures
253 537 310 570 rem
326 535 401 584 posse
416 535 491 569 causus
508 519 623 586 recipere
643 520 837 588 intellegebant.
871 522 931 571 Hoc
944 538 1006 586 pro·

40 589 110 638 bato
128 587 255 650 consilio,
273 587 631 653 111111111111111111111111111111ι
663 591 774 659 Caesar,
792 589 909 655 equitatu
929 606 1009 655 prae,
1027 586 1031 595 “

40 656 144 716 misso,
159 657 204 721 qni
215 657 385 708 novissimum
396 674 492 724 agmen
506 665 624 723 carperet
633 663 710 723 atque
720 659 860 724 inpediret,
878 658 1006 724 ipsecum

40 725 200 793 legionibus
221 727 393 791 subsequitur.
426 726 534 777 Nullum
549 727 731 779 vintercedebat
748 737 865 794 tempus,
883 727 1006 794 111111111-

41 794 128 846 tremi
140 811 201 843 eum
217 795 347 860 equitibus
362 795 558 861 proeliarentur.
653 823 661 828 -

117 862 162 914 79.
182 864 269 914 Genus
279 871 336 916 erat
347 864 397 914 boc
408 881 519 932 pugnae.
544 864 689 930 Expeditae
699 865 820 916 cobortes
832 864 1005 917 novissimum

42 948 148 998 anemen
161 933 329 994 claudebant3
347 933 493 1000 pluriesque
505 933 531 984 iu
544 934 609 984 loeis
620 933 808 998 campestribus
818 935 1006 986 subsistebautt

44 1002 67 1052 si
94 1018 173 1050 mous
195 1008 251 1052 erat
270 1001 476 1065 adscendcndus,
502 1002 579 1053 facile
603 1003 660 1069 ipsa
679 1002 731 1053 loci
747 1011 845 1054 1111111111
858 1004 1005 1070 periculum

43 1070 209 1135 repellebat,
223 1072 290 1135 quod
302 1089 333 1124 111
344 1072 409 1122 loeis
421 1070 611 1136 superioribus,
624 1071 670 1137 qui
681 1078 883 1135 antecesserant,
895 1074 1006 1138 desuper

45 1139 132 1206 [suos]
140 1139 333 1210 radscendentes
346 1140 523 1208 protegebant.
558 1141 648 1205 Quum
658 1141 736 1190 uallis
750 1146 796 1192 aut
809 1143 882 1192 locus
897 1142 1005 1194 declivis

44 1210 172 1270 suberat,
197 1225 279 1273 neque
302 1209 338 1270 ii,
364 1209 409 1275 qui
431 1215 637 1272 antecesserant,
661 1210 823 1284 morantibus
838 1229 914 1277 opem
933 1213 1005 1263 ferre

45 1285 186 1342 poterant,
204 1278 303 1342 equites
314 1294 377 1328 vero
392 1296 423 1330 ex
435 1279 493 1330 loco
504 1279 639 1344 superiore
653 1278 679 1328 iu
693 1296 799 1329 aversos
813 1281 867 1330 tela
881 1280 1004 1331 coniicia-

45 1347 125 1398 bunt:
144 1351 200 1396 tom
213 1363 310 1414 magno
322 1351 379 1398 erat
393 1347 418 1397 iu
430 1347 606 1412 periculones.
627 1347 848 1414 Relinquebatur,
865 1355 907 1412 ut,
922 1365 1005 1414 quum

46 1415 180 1466 eiusmodi
195 1416 258 1466 locis
273 1423 339 1467 esset
358 1417 608 1482 adpropinquatum,
625 1417 760 1483 legionum
772 1418 848 1486 signa
863 1419 1003 1470 consistere

46 1482 328 1550 iubereut'magnoque
339 1485 426 1550 inpetu
438 1486 579 1551 equitatum
591 1487 758 1551 repellerent3
772 1505 803 1538 eo
814 1489 949 1552 submoto,
960 1505 1004 1538 11

47 1561 125 1618 pente
138 1552 240 1604 incitati
257 1571 334 1606 cursu
350 1572 405 1605 sese
419 1553 446 1605 in
460 1555 537 1606 vallis
551 1555 666 1606 ninovensi
679 1557 844 1608 demitterent
855 1564 946 1622 atque,
964 1556 1004 1608 ita

48 1623 219 1690 transgressi,
236 1639 326 1674 rursus
341 1622 367 1673 iu
388 1624 453 1674 locis
468 1623 644 1690 superioribus
657 1624 831 1676 consisterent.
866 1626 935 1677 Nam
945 1632 1003 1676 tan-

39 1695 105 1741 ·tom
117 1693 153 1742 ab
168 1692 284 1758 equitum
296 1709 403 1744 suorum
418 1693 522 1744 auxiliis
538 1693 660 1755 aberant,
677 1711 788 1759 quorum
801 1711 940 1746 numerum
952 1695 1003 1745 ba-

49 1759 147 1812 bebant
166 1777 306 1828 magnum,
331 1766 361 1811 ut
379 1778 435 1824 eos,
459 1761 637 1828 superioribus
659 1763 807 1827 perterritos
829 1763 949 1828 proeliis,
973 1763 1003 1814 in

49 1828 167 1880 medium
183 1831 325 1896 reciperent
341 1847 438 1896 agmen
454 1833 573 1896 ultroque
585 1848 630 1882 eos
643 1836 790 1882 tuerentur:
808 1848 919 1896 quorum
934 1831 1003 1882 nulli

49 1915 80 1948 ex
98 1899 193 1950 itinere
213 1901 337 1950 excedere
360 1900 470 1962 licebat,
487 1899 549 1966 quin
569 1900 604 1950 ab
623 1900 740 1966 equitatu
761 1899 880 1950 Caesaris
900 1899 1002 1966 excipe-

49 1974 148 2019 rentur.

116 2035 161 2088 8⁰.
179 2036 243 2088 Tali
259 2037 320 2088 1111111
340 2041 473 2105 pugnatur
486 2035 581 2098 modo,
598 2036 669 2086 lente
686 2040 765 2102 atque
783 2035 921 2102 paullatim
940 2053 1002 2103 pro-

50 2104 152 2156 ceditur
171 2107 329 2172 crebroqoe,
347 2116 376 2157 ut
397 2105 448 2158 sint
464 2105 562 2178 anxilio
578 2105 646 2168 suis,
663 2105 819 2156 subsistunt:
837 2111 941 2157 ut-tom
957 2123 1002 2157 ac-

50 2173 120 2225 cidit.
156 2174 235 2226 Milia
247 2176 316 2226 enim
331 2176 462 2243 progressi
475 2181 599 2241 quatuor,
618 2175 848 2241 vehementiusque
860 2175 1002 2244 peragitati

50 2244 83 2293 ab
95 2241 227 2309 equitatu,
243 2251 359 2296 montem
375 2246 505 2296 excelsum
523 2244 628 2310 copiunt
642 2243 731 2310 ibique
748 2261 800 2295 uno
815 2245 898 2296 boote
911 2251 1002 2296 contra

44 2310 153 2378 ‘bostem
172 2321 258 2364 castra
279 2314 414 2376 muniunt,
439 2331 522 2380 neque
539 2313 661 2365 iumentis
678 2330 757 2365 onera
779 2315 914 2378 deponunt.
948 2313 1002 2366 Ubi
1044 2359 1048 2366 .

51 2380 169 2432 Caesaris
179 2389 264 2433 castra
273 2383 359 2448 posita
370 2383 588 2448 tabernaculaque
599 2384 751 2444 constituta,
762 2389 788 2434 et
798 2383 916 2436 dimissos
927 2382 1001 2448 equi-

50 2453 86 2499 tes
101 2451 247 2516 pabulandi
260 2467 351 2502 caussa
364 2451 479 2502 animum
494 2453 673 2516 adverterunt,
692 2452 842 2504 sesesabito
855 2452 1001 2518 proripiunt

51 2517 115 2569 bom
127 2519 233 2571 circiter
245 2527 317 2571 sexta
332 2521 446 2572 eiusdem
463 2520 515 2571 dici
531 2527 570 2582 ct,
588 2537 659 2585 spem
675 2521 745 2574 nacti
759 2538 866 2583 morae,
887 2521 1000 2572 discessu

51 2595 197 2642 nostrorum
218 2589 349 2654 equitum,
368 2590 419 2640 iter
440 2590 525 2640 lacere
538 2589 671 2654 incipiunt.
706 2591 765 2655 Qua
780 2609 809 2642 re
824 2591 940 2640 animum
952 2590 1000 2640 ad-

51 2670 142 2720 versa,
161 2659 257 2732 Caesar
279 2657 376 2709 relictis
393 2659 540 2724 legionibus
556 2658 737 2723 subsequitur,
754 2659 883 2724 praesidio
899 2657 1000 2722 inpedi-

51 2726 143 2777 mentis
155 2743 251 2792 puucus
266 2727 380 2778 cohortis
393 2727 530 2792 relinquit:
547 2727 615 2779 horu
631 2728 733 2779 decirua
754 2727 876 2792 subsequi
890 2728 1000 2792 pabula-

51 2797 133 2858 tores,
151 2796 301 2861 equitesque
320 2796 437 2848 revocari
458 2797 538 2849 iubet.
572 2797 699 2848 Celeriter
720 2796 849 2861 equitatus
868 2797 902 2846 ad
913 2797 999 2861 quoti-

51 2861 157 2914 dianum
172 2864 272 2916 itineris
288 2866 404 2918 cilicium
421 2867 571 2918 revertitur:
589 2873 721 2933 pugnatur
735 2865 831 2916 acriter
842 2865 875 2915 ad
888 2865 1000 2916 novissi-

50 2946 121 2983 mnm
142 2949 253 3002 agmen,
272 2936 352 2997 adeo,
370 2941 400 2986 ut
419 2951 499 3000 paene
519 2941 597 3000 terga
618 2939 785 3000 convertant:
802 2935 1000 3000 compluresque

50 3001 156 3064 milites,
167 3002 246 3053 etiam
258 3005 373 3055 nonnulli
386 3003 553 3056 Centuriones
565 3004 761 3055 interficiuntur.
777 2994 895 3057 instabat
903 3020 999 3073 agrnen

52 3069 169 3122 Caesaris
182 3076 260 3137 atque
271 3073 421 3124 universum
432 3073 584 3124 inminebat.

116 3137 161 3192 81.
179 3141 250 3191 Γ111111
260 3158 323 3194 vero
334 3159 417 3207 neque
428 3143 461 3192 ad
473 3142 659 3207 explorandum
669 3141 790 3192 idoneum
801 3141 888 3192 locum
899 3139 999 3204 castris,

51 3221 131 3274 neque
147 3209 180 3260 ad
199 3209 417 3277 progrediendum
431 3212 492 3262 data
505 3212 643 3273 facultate,
660 3209 800 3261 consistunt
814 3210 958 3262 necessario
972 3215 999 3261 et

51 3277 141 3339 procul
153 3278 187 3328 ab
200 3294 284 3343 aqua,
304 3285 330 3330 et
343 3285 437 3330 natura
454 3279 542 3345 iniquo
557 3280 631 3341 loeo,
650 3286 734 3330 castra
746 3285 850 3345 ponunt.
885 3280 936 3330 Sed
952 3279 999 3329 iis·
1038 3335 1043 3340 ,
1070 3332 1075 3342 ,

52 3344 106 3398 dem
127 3347 159 3396 de
177 3347 274 3398 caussis
290 3348 399 3411 Caesar,
418 3364 484 3413 quoe
505 3363 584 3412 supra
600 3354 658 3403 suut
676 3349 880 3410 demonstratae,
898 3347 998 3413 proelio

51 3416 163 3482 arnplius
175 3433 227 3468 uon
246 3417 349 3470 lacessit
362 3422 388 3470 et
404 3433 435 3468 eo
449 3417 492 3468 die
503 3418 671 3470 tabernacula
681 3417 761 3470 statui
779 3434 870 3485 passius
884 3434 936 3468 uon
950 3419 998 3477 est,
