2317 3809
253 220 273 259 ,-
324 190 682 259 ..ιιι.οιι.ιιιι..
957 185 1017 263 ιιι

54 330 130 386 xime
140 329 300 399 inpediebat.
333 330 374 383 Ita
383 328 478 392 ιιιιιιι
489 348 507 383 ιι
519 335 605 395 turre,
622 346 676 397 qua
687 335 753 385 esset
764 330 882 395 adlatus,
899 328 926 388 in
939 347 971 387 en
983 328 1022 385 ai

53 402 176 458 rebatur.
208 400 348 464 Lusitanus
364 418 444 454 ‚more
463 400 589 464 militari,
616 402 695 468 qdupu
716 416 733 453 u
755 399 1022 467 Caesarispraeritto

52 470 151 526 fuisset
165 478 330 536 conspectus,
347 469 469 521 celeriter
488 470 605 536 equitatu
625 470 827 535 cohortibusque
839 470 1022 523 circumcludi-

52 546 108 593 tur.
144 542 210 591 Erat
222 556 341 598 accessus
360 538 412 591 loci
427 538 578 600 difficultas.
613 538 682 591 Nam
698 537 811 602 idcirco,
828 540 898 605 quod
916 545 1022 606 propter

53 626 120 661 suos
134 615 250 666 anostro
261 606 393 674 praesidio
409 607 501 659 luisset
519 614 688 673 conspectus,
704 607 822 667 celeriter
835 608 966 659 munitum
981 610 1022 667 Ιιι-ἱ
1101 642 1104 660 ι

56 695 121 729 cum
134 685 243 742 natura,
261 694 340 743 quem
351 683 457 743 ceperat
469 676 522 729 sibi
534 676 690 743 Pompeius,
715 676 834 743 quemvis
844 694 942 745 magno
952 678 1022 731 mul-

54 746 170 800 titudine
183 745 287 797 deducti
293 745 413 798 homiues
425 763 457 797 ex
471 746 606 811 superiore
620 747 679 798 loeo
690 746 945 812 defenderepossont,
959 748 1022 802 sul)-

54 823 129 867 eunt.
163 816 193 867 In
208 815 323 867 adventu
333 814 415 869 notri
428 815 594 881 depelluntur
603 816 674 867 teli
693 814 786 881 quibus
800 813 959 878 cedentibus,
975 832 1021 867 cu-

54 885 145 951 pidius
160 883 366 950 insequebantur
373 884 517 935 aduersarii
527 892 554 935 et
567 884 703 937 confertim
711 884 848 939 tardabant
861 885 896 935 ab
907 900 1020 937 accessu.

54 955 118 1006 Hae
130 952 233 1019 saepius
256 954 342 1017 lamo,
360 953 630 1017 animadvertebatur,
648 960 736 1007 nostro
748 970 846 1021 magno
862 953 888 1005 id
907 952 965 1005 lieri
976 970 1021 1034 pe-

53 1022 167 1076 riculo.
187 1020 307 1088 Opere
285 1020 488 1078 circummunire
501 1021 627 1085 instituit,
643 1023 701 1089 pari
712 1028 801 1075 autem
816 1028 842 1075 et
854 1021 933 1075 celeri
949 1020 1022 1075 lesti-

53 1090 431 1151 nationecircummuaitiones
449 1091 478 1146 iu
495 1091 560 1159 iugo
576 1060 710 1159 dirigunt,
734 1099 764 1143 ut
783 1108 865 1157 aequo
878 1078 944 1157 pede
960 1081 1022 1159 cuin

54 1159 219 1215 adremmon
231 1159 357 1227 congredi
371 1168 482 1225 possent.
514 1161 653 1227 aquibus
664 1178 744 1228 quum
760 1160 1022 1223 animadversumcs·
1058 1164 1061 1178 '

55 1237 113 1294 sot,
130 1228 258 1296 fugacibi
270 1228 431 1310 praesidium
445 1228 558 1296 eupiunt.
764 1277 766 1287 ,
794 1268 797 1279 .
1022 1261 1027 1267 ·

128 1296 172 1363 39.
190 1298 347 1364 Pompeius,
365 1304 485 1364 utsupra
497 1297 746 1363 demonstravimus
764 1276 868 1351 saucius
883 1302 911 1349 et
926 1294 1023 1349 intorto

56 1368 129 1429 talo,
150 1356 248 1417 ideireo
258 1367 416 1441 tardabatur
427 1369 461 1420 ad
473 1368 640 1449 fugiendum·
657 1368 772 1433 itemque
785 1374 891 1449 propter
901 1365 954 1419 loci
970 1367 1022 1428 ‹lii-

53 1405 203 1491 ficuliatom
221 1453 303 1503 neque
313 1454 393 1503 equo,
395 1454 488 1504 neque
503 1437 626 1489 uehiculo
639 1436 718 1495 saluti
726 1454 790 1489 suae
800 1455 875 1503 pr
830 1455 875 1488 te
876 1436 958 1487 idium
974 1452 1023 1503 pa-

55 1522 120 1559 rare
134 1512 244 1573 poterat.
278 1506 512 1561 Gucdcsanostris
522 1506 640 1572 undique
653 1504 897 1569 adruinisirabatur,
916 1498 1023 1559 eretum

53 1574 221 1638 munitione,
234 1573 337 1641 amissis
339 1592 399 1641 que
404 1575 518 1641 aucillis.
552 1576 593 1627 Ad
609 1577 754 1635 eonvallem
772 1582 861 1628 autem
874 1581 952 1641 atque
963 1590 1022 1625 exe·

53 1661 117 1697 aum
132 1612 234 1707 locuni,
251 1644 305 1695 ut
296 1661 324 1697 ιιι
339 1630 512 1713 speluncam,
528 1643 669 1725 Pompeius
684 1646 856 1697 seoccultare
876 1642 975 1709 eoepit,
993 1640 1023 1697 ιιι

55 1731 73 1767 ιι
88 1713 187 1765 nostris
201 1721 255 1766 uu'u
268 1702 534 1776 lucileiureniretur,
551 1712 602 1763 uisi
620 1710 899 1779 captivorumindieio.
930 1712 970 1763 lta
984 1708 1024 1765 ibt

54 1782 222 1835 interficitur.
257 1782 346 1847 Quum
366 1783 462 1833 Caeam
475 1750 592 1833 Gadibus
607 1782 672 1833 iuis
665 1787 713 1847 et,
738 1781 871 1847 Hispalim
884 1780 968 1848 pridie
981 1780 1022 1835 ld.

54 1850 157 1919 Aprilis
170 1855 250 1917 captu
261 1852 380 1918 adlatum
391 1858 417 1903 et
430 1852 526 1917 pupulo
537 1851 627 1903 dutum
645 1867 676 1911 ,se
678 1850 710 1903 ι
700 1867 730 1901 ιιι
742 1856 918 1916 conspectum

128 1919 172 1974 lo.
189 1920 326 1975 mortecto
338 1921 386 1973 Cn
392 1919 526 1987 Pompeio
538 1920 714 1983 adolescente
731 1918 839 1983 Didius,
856 1936 932 1985 quem
943 1932 1023 1985 supra

55 1981 314 2053 demonstravimus,
336 1988 386 2042 illo
403 1990 521 2047 adiectus
534 1988 652 2051 laetitia,
675 1988 795 2071 proximo
815 2005 843 2041 se
859 1988 958 2058 recepit
977 2003 1023 2070 ca·

56 2060 135 2112 stello
149 2028 338 2125 nonnullasque
356 2076 437 2116 nares
449 2056 805 2116 adrelioiendumsuhduxit.
829 2042 963 2120 Lusitani,
977 2051 1022 2123 qui

55 2145 90 2181 ex
104 2129 401 2196 pugnasqperiuerunt,
411 2118 564 2197 ιιιςιιιιιιι
578 2145 606 2179 re
613 2132 778 2208 receperunt
789 2131 828 2189 et,
841 2127 1023 2194 benemogmt
1064 2156 1066 2164 ι

55 2214 150 2249 manu
145 2203 319 2279 comparata,
330 2198 370 2259 ad
382 2196 490 2262 Didium
500 2214 529 2249 se
540 2192 683 2264 reportant.
717 2194 788 2247 Huic
807 2204 844 2251 ets
841 2195 856 2247 i
868 2213 919 2247 non
932 2196 1023 2249 aberat

55 2265 202 2334 diligentia
214 2266 248 2317 ad
259 2283 337 2317 naves
352 2253 476 2329 tuendas,
493 2273 580 2320 ιιιιιιιιι
598 2281 782 2331 nonnunquam
794 2282 827 2317 ox
846 2252 951 2317 castello
962 2280 1024 2330 pra·

56 2343 117 2403 pter
127 2352 220 2417 corum
232 2334 341 2391 crebras·
350 2335 512 2390 excursiones
526 2335 695 2388 eliciebaturr
712 2340 740 2393 et
753 2334 791 2385 sie
802 2351 883 2416 prope
893 2332 1023 2399 quotidia-

14 2408 20 2419 '
55 2404 99 2457 nis
114 2404 209 2485 pugnis
197 2403 330 2460 insidias
343 2409 443 2471 ponuat
462 2413 490 2460 et
502 2404 633 2471 tripartito
651 2405 728 2473 signa
742 2402 907 2469 distribuunt.
940 2405 964 2456 F
966 2405 1024 2456 rant

55 2472 160 2541 parati,
178 2473 245 2539 qui
239 2490 318 2525 naves
333 2473 537 2538 incenderent,
528 2473 716 2547 incensisque,
729 2472 774 2539 qui
790 2462 850 2523 sub
843 2460 934 2524 idium
949 2486 1023 2539 repo-

56 2550 157 2599 terem
184 2542 240 2595 li
218 2560 260 2607 sic¹
269 2541 386 2609 dispositi
398 2550 489 2607 eraut,
502 2549 531 2595 at
542 2560 560 2595 a
572 2543 646 2597 nullo
659 2539 787 2608 conspecti
797 2541 915 2593 omnium
929 2540 962 2593 ad
975 2556 1024 2605 pu

55 2628 141 2681 gnam
154 2599 344 2677 contenderent.
378 2612 434 2675 lta,
436 2629 533 2694 uquum
547 2629 587 2665 ex
591 2614 706 2666 castello
718 2610 811 2663 Didius
829 2612 866 2663 ad
875 2601 1023 2677 propellen
1061 2624 1067 2631 ’

57 2682 124 2733 dum
137 2680 301 2747 processisset
313 2698 375 2732 cum
386 2680 482 2747 copiis,
498 2681 634 2763 rignuma
654 2680 784 2736 Lusitanis
802 2678 924 2749 tollitur,
944 2694 1024 2731 noves

55 2750 245 2814 incenduntur,
263 2749 407 2816 simulque,
431 2750 477 2816 qui
497 2768 524 2802 ιιι
536 2751 642 2803 castello
662 2751 695 2801 nd
709 2766 825 2818 pugnam
836 2742 1024 2829 processerunt,
1095 2792 1099 2807 ,

56 2820 186 2875 ιιοιΙιιιιι“
165 2837 241 2888 signo
253 2819 384 2888 fugientes
396 2820 511 2873 latrones
526 2821 590 2873 dum
605 2828 808 2887 persequuntur,
832 2835 848 2869 a
865 2824 942 2885 tergo
960 2815 1024 2868 insi-

56 2889 121 2941 diae
135 2889 250 2942 elamore
270 2889 374 2939 sublato
388 2888 602 2943 circumveniunt.
638 2889 730 2941 Didius
740 2903 839 2957 magna
852 2904 912 2939 cum
927 2886 1024 2939 virtuto

56 2976 120 3011 cunr
137 2956 315 3025 compluribus
328 2956 495 3012 interficitur.
521 2959 638 3011 nonnulli
657 2974 689 3009 ea
708 2958 933 3027 pugnnseaphas,
956 2970 1024 3022 quae

56 3028 93 3079 ad
105 3026 170 3078 blus
182 3028 299 3086 inerant
313 3033 453 3092 occupant:
471 3027 533 3079 item
547 3030 693 3095 complures
704 3028 790 3079 nando
805 3027 837 3079 ad
855 3042 943 3089 navos,
955 3040 1023 3091 quoq
1122 3038 1125 3046 '

55 3096 86 3147 in
99 3096 157 3147 salo
171 3095 295 3160 fererant,
305 3113 334 3145 se
347 3096 488 3162 recipiunt.
505 3097 608 3149 ancoris
622 3097 744 3161 sublatis,
760 3098 882 3176 polagus
884 3096 1046 3173 remisque*¹

56 3171 277 3231 tereooeperunt.
313 3164 451 3229 Quaeres
470 3182 562 3216 eorum
584 3165 655 3217 vitae
672 3136 788 3217 subsidio
809 3164 869 3216 luit
904 3154 1023 3215 Lusitani

57 3234 157 3302 praeda
166 3234 308 3299 potiuntur.
343 3234 441 3284 Caesar
451 3234 568 3286 Gadibus
578 3252 668 3286 rursus
680 3236 717 3285 ad
724 3234 857 3301 Hispalim
868 3233 988 3285 recurrit.

127 3301 171 3354 41.
188 3303 286 3355 Fabius
298 3302 445 3366 Maximus,
463 3320 542 3369 quem
554 3304 610 3370 ipse
624 3304 656 3353 nd
670 3302 797 3355 Mundam
815 3303 849 3355 ad
863 3302 1023 3369 praesidium

56 3373 264 3442 obpugnandam
275 3370 418 3440 reliquum
429 3372 552 3440 operibus
558 3370 691 3436 adsiduis,
708 3371 847 3439 hostesque
855 3371 954 3439 circum
967 3385 1025 3427 rose
1039 3414 1041 3423 .
