2317 3809
378 213 456 268 esu.
474 214 560 268 cre.
577 215 708 272 ss-ss
946 210 1012 280 tte
1055 191 1063 206 ⁸

45 354 184 422 scriptum
199 351 289 417 ubit,
304 369 353 422 pes·
365 352 435 420 quod
454 353 551 408 certior
570 353 648 408 flesse
659 355 772 420 ΰιωι,
788 373 857 424 quse
870 357 899 410 iu
916 358 1012 428 oppido

44 428 87 480 ad
96 424 288 476 defendentum
296 431 518 490 componerentur.
534 425 576 476 ltu
582 425 804 493 titterisseoept'u,
810 443 892 493 quum
901 428 929 479 ἱι
936 432 1011 498 oppi-

45 496 119 547 dum
127 492 311 554 revertissent,
329 493 374 560 qni
387 492 490 544 mittere
497 495 621 562 giunduu
633 495 786 563 inscriptus
801 497 929 560 solebat,
938 499 1017 552 inse.

43 562 145 632 quenti
154 567 271 628 tempore
281 563 334 614 duo
347 561 465 614 Lusitani
481 563 575 616 irntrsu
588 565 744 634 musiugse
753 565 916 628 enncisrsnt,
930 584 1011 633 quun

43 631 197 698 Pompeius
208 630 359 682 concionem
367 630 513 684 habuisset:
522 635 643 701 quosss'usss
652 635 745 702 oppido
751 633 864 686 subsidio
870 653 922 686 stou
926 646 1012 703 posset

43 703 152 764 uenire,
169 707 248 752 noctu
263 717 294 751 es
307 701 512 752 aduersariorum
526 710 662 770 conspectu
672 721 700 754 se
714 704 870 755 deducerent
886 705 922 756 ud
938 721 1013 759 nure

42 773 174 824 oersssn's
196 785 279 820 unum
294 769 473 836 respondisse,
494 779 524 822 ut
540 774 627 838 potius
639 773 677 824 od
686 773 862 825 &sedendum
873 775 1011 830 descende

43 846 122 902 rent,
134 854 213 907 quum
227 840 332 908 signum
340 842 429 908 sugue
441 841 619 892 ostenderent:
636 857 706 905 eum,
715 842 760 909 qni
772 841 923 895 ituiocutus
935 846 1010 908 esset,

43 909 213 976 iugulatum.
249 908 349 960 Eodem
361 916 479 974 tsnpore
493 909 628 962 tabellarii
645 911 701 962 eins
724 911 893 978 deprehensi,
911 912 957 979 qui
975 915 1011 966 sd

43 977 179 1046 oppidum
192 975 346 1040 veniebant,
363 993 476 1042 quornm
486 977 588 1030 liberes
602 979 701 1032 Gnoses
713 979 849 1047 oppidanis
864 981 960 1036 obiecit
974 989 1010 1050 α,

44 1047 97 1115 qni
114 1045 199 1098 vitum
213 1045 265 1097 sibi
283 1051 395 1113 peteret,
417 1045 494 1098 iussit
513 1055 613 1099 turrem
626 1048 745 1118 ligneum
763 1049 953 1115 oppidanorum
968 1052 1009 1107 iu·

45 1116 175 1168 eendere:
193 1114 221 1166 id
234 1115 258 1168 si
270 1115 388 1179 fecisset,
407 1114 433 1166 ei
446 1133 475 1167 se
487 1116 609 1182 promisit
620 1117 709 1170 omnis
721 1134 910 1172 oonemnruun
931 1121 1010 1186 Quod

48 1185 167 1236 difficile
181 1191 239 1236 erut
252 1185 339 1248 iectu,
358 1190 387 1236 ut
399 1199 457 1236 essm
473 1189 572 1236 turrem
589 1185 644 1238 sinc
654 1185 773 1253 periculo
783 1186 842 1255 quis
852 1187 1008 1244 inoeuderot.

43 1255 91 1306 ltu
105 1253 115 1277 '
131 1254 248 1305 iuetnrns
263 1254 296 1304 de
309 1252 398 1322 ligno,
415 1271 495 1320 quum
507 1254 616 1322 propius
629 1256 793 1320 ocoeubsot,
814 1257 850 1309 ob
869 1258 1008 1325 oppidanis

43 1328 88 1375 est
106 1320 216 1374 occisus.
250 1322 350 1374 Eadem
361 1329 437 1374 noete
448 1325 586 1394 transfugo
597 1325 740 1389 nunciavit,
751 1325 909 1393 Pompeium
917 1336 945 1380 et
955 1330 1007 1384 Iao·

42 1392 158 1444 bionum
170 1392 202 1442 de
214 1391 378 1460 iugulatione
390 1392 578 1460 oppidanorum
591 1392 740 1462 indigentes
752 1411 817 1447 osse.

117 1461 161 1512 19.
178 1460 279 1528 vigilie
290 1461 403 1513 seeundo
416 1469 524 1530 propter
537 1463 731 1516 multitudinem
743 1465 857 1518 telorum
877 1465 956 1518 turris
972 1466 1007 1520 ii-

8 1549 11 1562 ·
42 1545 127 1598 gneo,
137 1545 205 1595 quse
217 1537 306 1582 nostru
317 1529 459 1593 iuissot‚sb
467 1533 521 1584 imo
530 1533 623 1585 vitium
636 1533 797 1600 teriturque
810 1536 844 1586 sd
855 1536 1002 1591 tsbuiutm

43 1599 192 1651 seeundum
205 1605 232 1650 et
244 1598 356 1676 tertium.
380 1601 480 1651 Eodem
493 1605 612 1668 temporo
621 1619 671 1667 pro
680 1618 757 1654 muro
768 1609 914 1671 pugnutum
928 1621 1003 1658 ocos·-
1056 1629 1060 1636 ·

42 1667 130 1731 rime,
155 1673 182 1720 et
198 1667 295 1720 turrim
313 1672 443 1733 nostrum,
460 1674 490 1721 ut
503 1671 681 1736 superiormr,
697 1670 876 1735 incenderunt,
893 1673 1002 1741 idcirco,

42 1735 117 1804 quod
130 1741 238 1794 ventum
251 1735 375 1804 oppidani
387 1739 528 1790 secundum
541 1739 696 1791 hebuernnt
717 1741 863 1806 insequenti
872 1743 932 1794 luce
943 1759 1003 1796 usu·

42 1805 204 1858 teriumilios
216 1807 337 1859 demuto
349 1823 376 1857 se
390 1806 484 1858 deiecit
495 1813 523 1860 et
535 1809 570 1859 ud
579 1825 627 1860 uos
640 1807 764 1860 mundtiit
774 1808 899 1875 dixitque,
911 1829 1003 1864 soeusn

37 1876 154 1942 sumitis
168 1877 334 1929 consumtum
348 1875 476 1940 babuisse,
490 1885 579 1929 utuno
589 1882 789 1946 trosusugereut
802 1879 838 1928 ed
849 1880 1003 1943 fflesoseose
1048 1889 1055 1900 ‘

41 1945 121 1998 illam
136 1946 284 2012 obpressum
303 1952 330 1997 et
347 1947 504 2014 iugulorum.
538 1947 599 1998 Hoc
617 1952 752 2013 proetereu
762 1952 879 2013 tempere
890 1949 1009 2003 tabellae

41 2015 76 2066 de
90 2031 170 2066 muro
183 2022 242 2066 sunt
253 2014 380 2076 deiectus,
397 2014 425 2066 in
439 2015 533 2082 quibus
547 2015 721 2082 scriptumest
734 2014 885 2068 inventurus
902 2017 933 2068 b.
948 2019 1002 2070 Mi·

41 2083 134 2135 ssuts'us
149 2084 265 2136 Caesari.
300 2085 329 2135 Si
338 2084 403 2136 mitt
415 2087 497 2136 uitem
512 2085 625 2149 tribues,
644 2086 765 2153 quonium
779 2086 812 2136 ab
824 2087 870 2136 Ost.
883 2087 1002 2156 Pompeio

42 2169 102 2204 sum
115 2153 239 2215 desertus,
255 2153 358 2221 quatern
367 2169 409 2204 soe
421 2155 461 2205 illi
471 2155 600 2222 praestiti,
617 2157 698 2206 tatem
709 2155 806 2207 uirtsste
817 2162 842 2206 ct
854 2159 1001 2210 cosutonts'o

36 2225 163 2288 futurum
173 2237 214 2272 sne
227 2223 255 2272 iu
269 2230 295 2273 te
305 2223 454 2289 praestabo.
471 2224 570 2274 Eodem
578 2232 696 2291 tempore
707 2224 896 2291 oppidanorum
907 2227 1000 2294 legisti,

41 2291 90 2357 qui
106 2295 184 2342 untes
199 2289 329 2354 exierunt,
347 2292 486 2344 stimuum
499 2293 633 2358 ndiemnt,
651 2295 675 2344 ss'
685 2294 735 2344 sibi
745 2295 828 2345 uitosu
841 2296 999 2361 concederet,

41 2377 99 2412 sese
111 2360 258 2427 insequenti
270 2361 313 2412 die
326 2361 446 2428 oppidum
460 2379 514 2414 esse
525 2363 666 2414 dedituros,
701 2361 803 2429 Quibus
811 2363 953 2428 respoudit,
970 2381 999 2420 re

42 2431 186 2482 Caesarem
207 2445 261 2480 esse
278 2429 408 2496 fidemque
427 2438 629 2498 praestatus-usu.
665 2433 713 2494 itu,
731 2438 794 2484 suto
804 2432 874 2483 diem
886 2434 930 2486 xi.
942 2434 998 2486 Ko-
1039 2429 1045 2445 ⁸

40 2498 112 2551 lend.
128 2497 221 2550 Martii
233 2497 327 2565 oppido
337 2497 444 2564 potitus,
461 2501 607 2565 Imperetur
618 2505 657 2552 est
672 2501 824 2568 sdpeitstns.

112 2566 156 2618 2⁰.
175 2567 251 2634 Quod
265 2567 405 2634 Pompeius
419 2583 450 2618 ex
465 2569 583 2641 perfugis
596 2585 677 2635 quum
687 2569 844 2622 deditionem
857 2570 946 2638 oppidi
956 2572 997 2624 in·

40 2640 113 2688 etam
127 2651 185 2686 esse
196 2637 299 2700 scisset,
316 2641 403 2688 castre
413 2637 497 2688 morit
512 2638 626 2689 Ucubim
636 2655 736 2703 sersus,
745 2645 772 2691 et
784 2638 884 2690 circum
894 2655 927 2691 eu
938 2641 997 2695 ioco

40 2705 153 2757 eustolia
168 2705 295 2772 disposuit
306 2712 332 2757 et
345 2705 532 2758 munitionibus
543 2721 572 2758 so
584 2708 716 2760 continere
725 2706 818 2773 eoepit.
833 2708 995 2762 Cuossrmo·

39 2773 80 2826 vit
91 2779 119 2826 et
131 2774 238 2841 propius
248 2780 334 2826 cestro
346 2775 438 2827 cestris
455 2775 571 2828 contidit.
594 2777 694 2828 Eodem
710 2782 828 2843 mmpore
838 2791 916 2829 uisne
931 2779 996 2831 lori·

11 2896 17 2904 ,
39 2849 117 2896 cetus
135 2859 202 2895 nnus
217 2859 249 2894 ex
262 2843 368 2912 legione
386 2846 527 2898 semecuts
543 2845 576 2897 sd
589 2862 638 2897 nos
655 2844 797 2914 transfugit
812 2851 839 2896 et
852 2846 993 2913 nunciesit,

38 2913 107 2966 Pom
128 2910 199 2964 eium
209 2912 349 2982 oppiddnos
360 2914 509 2976 Ucubenses
518 2914 765 2981 convocasseeisque
772 2913 810 2966 its
817 2913 995 2984 imperavisse,

38 2988 77 3044 ut,
116 2977 236 3048 iligenti'u
247 2981 378 3045 adhibite,
397 2983 587 3050 perquirerent,
606 2982 651 3050 qui
662 2988 865 3051 essentsuorum
877 2985 992 3052 portium

38 3051 158 3117 itemque
174 3051 383 3104 adversariorum
404 3051 531 3104 victorino
542 3054 666 3104 ioutores.
700 3052 760 3104 lioc
772 3053 914 3118 praeterito
924 3061 990 3109 tent-
1005 3078 1009 3085 ·
1047 3055 1051 3062 '

38 3137 113 3187 pore,
131 3119 158 3170 in
171 3117 274 3187 oppido,
291 3121 359 3187 quod
374 3121 425 3172 uit
438 3125 557 3188 ceptum,
574 3121 668 3173 sersus'
677 3126 716 3173 est
726 3121 868 3187 prehensus
880 3122 908 3175 iu
917 3126 991 3178 euni-

38 3191 115 3250 eulo,
135 3205 213 3254 quens
224 3205 303 3256 supro
314 3189 546 3242 demonstravimus
561 3190 697 3242 dominum
719 3189 903 3259 iugulsssesis
915 3194 992 3248 vivus

38 3269 79 3310 est
100 3259 259 3320 sumbustus.
299 3259 423 3324 Idemque
439 3258 564 3324 temporis
583 3259 752 3311 centuriones
764 3259 870 3314 ioriesti
883 3268 942 3315 octo
955 3265 991 3317 sd

38 3329 180 3380 Caesarem
194 3327 391 3396 transfugerunt
413 3343 444 3379 ex
460 3327 566 3396 legione
580 3329 737 3393 vesosem,
759 3334 788 3381 et
798 3331 897 3398 equites
909 3333 991 3386 nostri

38 3413 103 3456 cum
111 3395 321 3450 adversariorum
332 3395 463 3465 equitibus
473 3397 608 3467 congroesi
618 3403 679 3452 sunt
690 3403 717 3452 et
727 3398 812 3453 aneu
830 3400 932 3469 sliquot
944 3417 990 3454 oe-
1004 3422 1009 3431 ·

84 3490 200 3528 cmm.
732 3475 787 3530 Dd
865 3523 870 3533 .
