2317 3809
165 204 208 269 44
424 210 480 265 os
499 208 646 265 senno
664 210 850 266 cnnnsco
889 189 915 281 J

63 338 66 343 Ι
100 352 103 365 “
163 366 221 417 tus,
229 358 321 419 'quum
341 368 390 405 sua
404 348 660 418 cunctationemque
671 348 794 417 'opinione
805 349 951 403 timidiores
963 348 1052 402 hostes
1074 366 1121 403 no-

163 427 230 473 stros
240 422 338 473 milites
351 420 494 477 alacriores
506 419 541 472 ad
555 420 726 504 pugnandum
736 420 891 483 effecissent,
907 424 1007 503 atque
1001 419 1120 473 omnium

164 504 242 543 voces
258 490 417 554 audirentur,
435 490 580 556 exspectari
594 488 890 556 diutiusnonoportcre,
907 490 971 556 quin
987 490 1022 541 ad
1033 497 1122 546 castra

162 558 259 624 iretur,
276 561 426 613 cohortatus
439 576 515 623 suos,
532 558 655 617 omnibns
665 558 843 626 cupientibus,
860 555 1022 611 adhortium
1034 564 1121 611 oestra

164 628 335 751 mntepgrtffl
353 714 435 765 quum
456 694 504 749 alii
523 697 609 750 fossas
628 697 801 764 complerent,
818 695 866 749 alii
880 670 972 749 multis
985 695 1046 753 telis
1057 714 1121 750 eon-

86 768 90 775 “
133 777 137 789 ’
164 766 238 819 ieetis
258 768 406 819 defensores
422 767 495 823 vallo
513 766 753 834 munitionibusque
774 767 946 832 depellerent,
964 766 1121 818 auxiliares-

62 876 66 881 ι
164 852 232 903 que,
250 836 343 903 quibus
356 837 390 887 ad
403 847 585 918 pugnamnon
598 836 711 889 multum
725 837 834 887 Crassus
846 836 1006 898 confidebat,
1022 834 1120 902 lapidi-

117 949 122 963 ,
163 905 213 958 bns
227 906 337 973 telisque
355 905 581 957 subministrandis
600 911 626 958 et
645 907 680 957 ad
701 908 829 987 aggerem
845 904 986 971 cespitibus
997 922 1120 971 compor-

163 974 263 1037 tandis,
280 974 393 1042 speciem
404 980 483 1041 atque
503 974 653 1041 opinionem
665 974 842 1057 pugnantium
852 975 1019 1041 praeberent,
1036 991 1119 1041 quum

163 1043 229 1096 item
241 1044 274 1096 ab
285 1044 403 1097 hostibus
417 1049 564 1097 constanter
578 1060 610 1096 ac
619 1061 672 1096 non
684 1044 781 1096 timide
786 1049 948 1126 pugnaretur
962 1044 1066 1124 telaque
1085 1060 1119 1095 er

164 1114 224 1165 loco
239 1113 463 1181 superioremissa
476 1131 528 1166 non
545 1114 644 1166 frustra
662 1115 824 1166 acciderent:
842 1113 955 1180 equites,
973 1110 1118 1165 circumitis

163 1182 280 1234 hostiurn
292 1182 394 1247 eastris,
411 1183 505 1236 Crasso
516 1182 748 1246 renunciaverunt,
767 1200 819 1234 non
832 1184 925 1235 eadem
937 1181 1117 1249 essediligen-
1141 1241 1143 1247 p

67 1320 69 1327 Ι
163 1250 203 1305 tin
214 1252 247 1303 ab
264 1251 409 1303 decumana
421 1258 591 1319 portaoastru
601 1252 711 1317 munita,
724 1252 881 1319 facilemque
893 1252 994 1303 aditum
1007 1251 1117 1303 habere

232 1319 276 1373 26.
294 1322 410 1386 Crassus,
421 1320 536 1388 equitum
553 1324 698 1388 praefectos
711 1322 870 1386 cohortatus,
885 1320 1026 1389 utmagnis
1040 1337 1118 1386 preo-

133 1446 137 1455 ,
161 1389 223 1442 miis
235 1389 519 1458 pollicitationibusque
531 1406 591 1441 suos
599 1391 750 1454 excitarent,
762 1390 825 1457 quid
838 1391 897 1441 lieri
908 1390 982 1454 velit,
994 1390 1115 1441 ostendit.

162 1460 222 1523 llll,
240 1464 270 1511 ut
281 1458 508 1525 erutinperatum,
525 1460 625 1513 eductis
639 1467 750 1527 quatuor
761 1460 928 1523 cohortibus,
945 1476 1021 1526 quae,
1038 1476 1117 1525 prae-

161 1528 229 1581 sidio
243 1528 334 1580 eastris
347 1528 464 1594 relictae,
481 1528 588 1583 intritae
597 1530 631 1582 ab
643 1530 736 1582 labore
748 1538 838 1593 mant,
855 1535 881 1581 et
890 1529 1013 1597 longiore
1024 1528 1117 1580 itinere

162 1598 359 1662 circumductis,
382 1614 415 1649 ne
433 1616 465 1651 ex
480 1598 597 1651 hostium
610 1599 708 1651 eastris
728 1597 843 1665 conspici
862 1604 979 1664 possent,
997 1598 1117 1649 omnium

162 1668 244 1719 oeulis
260 1667 443 1751 mentibusque
461 1669 495 1721 ad
515 1684 634 1737 pugnam
653 1668 773 1731 intentis,
790 1668 911 1720 celeriter
924 1669 1016 1719 edens
1025 1684 1117 1733 ,quas

162 1738 291 1804 diximus,
308 1736 464 1789 munitiones
480 1742 665 1804 pervenerunt,
688 1744 775 1805 atque,
791 1737 834 1788 his
847 1736 979 1803 prorutis,
1000 1736 1074 1803 prius
1089 1737 1116 1788 in
1141 1787 1142 1792 ,

162 1806 278 1861 hostium
291 1807 383 1861 castris
395 1806 572 1871 constiterunt
589 1806 850 1875 quamplaneebns
861 1806 955 1869 vrderr
973 1814 1035 1869 out,
1053 1806 1117 1872 qnid

117 1874 121 1880 ’
161 1877 201 1929 rei
215 1882 365 1959 gereretur,
382 1892 505 1943 cognosci
516 1881 610 1943 posset
644 1878 716 1929 Tum
731 1894 803 1940 sero,
820 1877 1116 1941 clamoreabeaparte
1141 1885 1142 1888 ’

160 1946 266 2011 audito,
283 1946 372 1998 nostri
382 1945 565 2027 redintegratis
583 1946 685 1999 viribus
693 1947 786 2013 ‚qnod
802 1945 982 2012 plerumque
973 1962 1000 1997 ιιι
1013 1961 1060 2010 spe
1074 1944 1115 1996 vi-

161 1984 388 2067 σιοιίιιιιιοίιίειι
408 2015 556 2081 consuerit,
573 2017 661 2068 acrius
680 2016 826 2084 inpugnare
836 2020 983 2083 coeperunt
1018 2016 1115 2066 Hostes

159 2084 275 2150 undique
288 2083 473 2149 circumventi,
490 2085 633 2151 desperatis
644 2086 763 2137 omnibus
774 2085 869 2150 rebus,
886 2101 915 2135 se
930 2101 978 2150 per
988 2083 1115 2135 munitio

160 2170 206 2205 nes
219 2152 332 2205 deiicere
352 2158 378 2205 et
388 2141 455 2235 friga
466 2154 578 2209 salutem
590 2162 685 2223 petere
690 2153 862 2205 intenderunt.
897 2154 971 2235 qus
983 2152 1115 2218 equitatus

160 2220 331 2289 apertissimis
343 2222 442 2288 campis
455 2230 624 2289 consectatus,
635 2240 668 2275 ex
677 2222 782 2275 milium
793 2222 985 2303 quinquaginta
993 2238 1115 2284 numero,

160 2308 228 2359 quse
242 2298 274 2343 'er
285 2290 427 2358 Aquitania
437 2292 626 2359 Cantabrisque
641 2292 792 2345 convenisse
803 2293 946 2355 constabat,
959 2290 1005 2343 vix
1018 2298 1116 2359 quarta

159 2367 234 2430 parte
242 2360 347 2423 relicte,
365 2362 449 2413 multe
463 2368 540 2413 noete
549 2378 578 2412 se
590 2361 618 2412 in
629 2367 715 2413 eastra
728 2360 834 2428 recepit.

227 2430 270 2485 nt.
287 2431 348 2482 Hae
361 2429 453 2482 andito
465 2446 567 2499 pugna,
585 2430 775 2512 marimapars
792 2428 1020 2497 Aquitanieesese
1034 2429 1114 2482 C'rne

158 2518 189 2553 so
204 2498 302 2553 dedidit
312 2498 466 2565 obsidesque
476 2500 544 2551 ultro
552 2498 644 2551 misit.
658 2516 710 2566 quo
720 2500 749 2551 in
759 2517 867 2552 numero
872 2500 977 2550 luerunt
983 2496 1114 2561 Tarbelli

158 2568 340 2653 Bigerriones,
357 2568 493 2631 Precinni,
509 2569 632 2632 Vocates,
656 2558 814 2633 Tarusates,
837 2570 974 2631 illidentes,
996 2568 1114 2631 Gerites,

92 2694 97 2703 ,
158 2638 247 2703 direci,
265 2638 402 2702 Camnud,
420 2638 564 2702 Sibuzates,
580 2640 727 2692 Cocosates
744 2640 849 2691 Paucae
861 2637 971 2689 ultimae
983 2637 1114 2700 nationes
1141 2699 1142 2708 ἵ

47 2779 51 2787 Ι
159 2708 342 2776 armitempore
351 2708 472 2771 confisae,
481 2708 549 2773 quod
558 2708 822 2774 hrumsuberathoc
836 2708 923 2759 faeere
931 2707 1113 2774 neglexerunt

228 2776 271 2830 28.
297 2778 400 2851 Eodem
421 2778 475 2829 iere
493 2784 611 2845 tempore
631 2779 741 2840 Coesm,
770 2777 819 2829 etsi
835 2792 917 2843 prope
942 2776 1065 2827 erecta
1055 2793 1112 2828 ram

158 2850 243 2899 cesar
263 2853 333 2911 erat,
348 2853 452 2910 tamen,
470 2848 540 2912 quod
560 2847 633 2900 omdi
647 2847 737 2901 Gellia
754 2853 849 2914 pacata
864 2844 964 2897 Morini
976 2845 1113 2912 Menapii-

157 2915 485 3053 tttttdlntll?
494 2914 1112 3069 tthtft”ttlttfi¹tltttttlts

157 3070 193 3119 se,
207 3070 239 3106 eo
254 3054 395 3107 exercitum
407 3056 526 3123 adduxitr
543 3074 590 3123 qur
581 3055 681 3123 ‘longe
690 3054 745 3107 alia
756 3054 866 3117 ratione,
879 3070 911 3105 ac
920 3052 1016 3135 reliqui
1028 3052 1111 3116 Galli,

158 3094 256 3177 beilum
265 3140 345 3193 agere
355 3124 529 3178 instituerunt.
547 3126 615 3178 Natu
625 3125 695 3191 quod
704 3124 899 3193 intellegebant,
919 3122 1050 3174 maximas
1062 3138 1110 3173 na·

156 3193 248 3257 tiones,
265 3210 332 3259 quae
341 3194 444 3276 proelio
458 3194 655 3257 contendissent,
670 3194 759 3261 pulsas
772 3198 959 3261 superatasque
972 3207 1109 3254 esseces-

86 3288 93 3299 ·
156 3260 316 3329 tinentesque
326 3261 408 3313 silvas
423 3278 456 3313 ae
467 3264 576 3328 paludes
589 3264 730 3324 hebebant,
747 3278 780 3313 eo
793 3279 822 3314 se
831 3278 931 3327 sueque
941 3260 1031 3313 omnia
1045 3277 1109 3312 con—

156 3330 278 3383 tulerunt.
312 3330 498 3411 Adquerum
489 3330 595 3383 ιιιιιιιιιιι
605 3331 734 3383 ιιιιιιιιιιιι
749 3348 832 3397 quum
843 3329 1110 3411 Ceesarpersenrssel
1141 3333 1143 3345 '

57 3450 60 3455 .
157 3404 294 3469 musque
312 3397 416 3490 munire
432 3396 598 3463 instituisset,
620 3414 705 3467 neque
720 3399 805 3453 hostis
822 3398 928 3453 interim
945 3397 1020 3453 visus
1031 3405 1108 3461 esset
1141 3425 1143 3438 ·
