2317 3809
158 178 199 237 62
425 151 839 256 oeesunoernmco

154 318 257 391 gressi,
274 334 306 371 ex
317 318 378 371 loco
389 312 522 383 superiore
533 318 636 367 nostros
647 313 788 383 probibere
801 318 828 367 et
844 313 974 383 proelium
988 314 1116 368 commit-

158 400 213 443 tere
223 392 369 456 coeperunt.
386 384 497 453 Repulsi
504 384 541 437 ab
553 384 687 451 equitatu,
703 396 733 437 se
744 384 772 435 in
792 384 872 449 silvas
885 384 1053 449 abdiderunt,
1070 386 1117 436 lo-

159 474 221 511 cum
232 457 311 519 nacti,
325 454 433 523 egregie
444 460 470 505 et
484 460 579 506 natura
592 460 618 505 et
630 470 709 521 opere
721 454 865 516 munitum,
884 470 962 521 quem
975 444 1119 507 dorriestici

160 527 234 588 belli,
240 532 269 579 ut
275 525 420 588 videbatur,
427 540 519 575 caussa
527 523 582 575 iam
589 531 649 576 unte
655 527 952 589 praeparaverantmam
960 523 1058 575 crebris
1068 539 1117 575 ar-

158 595 266 649 boribus
274 592 380 647 succisis
395 590 610 673 omncsintroitus
620 592 840 673 eraptpmeelusi
861 592 916 659 Ipsi
929 610 959 644 ex
970 591 1044 643 silvis
1056 590 1120 643 rari

159 661 1119 801 ttttttttttt‘ftttt{titttttffldttttttet}

159 804 250 857 locum
258 806 380 867 ceperunt
388 815 483 865 eosque
495 815 526 849 ex
537 798 610 853 silvis
624 800 785 866 expulerunt,
800 798 893 865 paucis
906 798 1056 850 vulneribus
1068 814 1119 849 ac-

161 866 890 1005 ttttotttittttttttttttttttttttttttt
901 867 1118 1000 tibuit?

498 974 505 999 ‚
1104 964 1118 973 .

163 1007 257 1065 ultioni
269 1010 414 1059 castrorum
427 1012 528 1071 tempus
540 1005 653 1071 relinqui
662 1006 774 1057 volebat

232 1076 275 1129 lu.
292 1074 421 1127 Postridie
438 1073 493 1125 eius
505 1073 558 1125 diei
575 1074 794 1141 menotripartito
812 1073 909 1127 milites
924 1072 1075 1141 equitesque
1088 1072 1118 1123 in

164 1145 353 1215 expeditionem
364 1142 452 1207 misit,
468 1146 569 1206 utens,
587 1142 634 1209 qui
650 1144 787 1211 fugerant,
803 1150 1025 1210 persequerentur.
1062 1142 1118 1194 His

164 1216 326 1285 aliquantum
335 1212 434 1265 itineris
445 1212 607 1279 progressis,
623 1229 709 1279 quum
724 1211 780 1264 ium
796 1212 905 1265 extremi
916 1217 1001 1263 essent
1014 1210 1042 1262 in
1052 1226 1118 1277 pro-

163 1290 263 1365 specte,
279 1283 378 1349 equites
390 1298 406 1335 a
420 1283 452 1348 Q.
469 1280 543 1364 eltrio
555 1282 737 1335 adCaesarem
750 1287 884 1344 venerunt,
896 1280 942 1347 qui
954 1280 1118 1342 nunciarent,

90 1362 134 1481 ti
164 1356 1119 1487 ttttttttttttttittttt‘ttttttitt„tffltttttttttt

132 1524 134 1531 ν
165 1490 348 1571 subsisterent,
366 1504 449 1556 neque
459 1493 554 1539 nautae
567 1490 806 1555 gubernatoresque
819 1488 875 1541 vim
888 1486 944 1569 poti
957 1486 1119 1554 tempestatis

90 1628 93 1634 Ι
166 1567 283 1631 possent:
291 1564 455 1626 itaqueexeo
463 1572 590 1621 conctusa
597 1558 705 1611 navium
713 1574 841 1627 maguum
852 1575 909 1610 esse
922 1556 1120 1609 incommodum

166 1634 348 1749 acceplllmllis
358 1695 435 1747 rebus
448 1694 572 1763 cognitis,
590 1696 687 1749 Caesar
703 1695 820 1766 legiones
832 1694 1028 1763 equitatumque
1040 1690 1128 1745 τον-οἱ

170 1764 226 1821 cari
244 1776 323 1832 atque
342 1765 435 1818 itinere
451 1764 573 1817 desistere
592 1764 679 1829 iubet;
696 1764 752 1834 ipse
769 1767 803 1818 ed
813 1783 893 1818 nares
906 1764 1054 1817 revertitur:
1072 1779 1119 1814 ea-

132 1874 136 1881 ·
169 1836 311 1898 demicte,
329 1850 397 1903 quae
412 1851 443 1887 ex
454 1832 556 1885 nunciis
568 1834 703 1901 literisque
722 1841 895 1904 cognoverat,
912 1850 1003 1885 coram
1015 1830 1120 1900 perspi-

171 1906 221 1972 cit,
240 1906 278 1959 sic
292 1910 336 1969 ut,
353 1902 571 1957 amissiscirciter
590 1904 637 1956 XL
656 1904 782 1968 navibus,
806 1904 923 1969 reliquae
939 1909 1028 1954 tamen
1043 1899 1122 1952 refici

171 1993 247 2043 posse
255 1990 355 2041 magno
367 1970 473 2053 negotiu
484 1972 640 2025 uiderentur.
667 1972 759 2040 Itaque
771 1991 802 2024 cx
811 1972 959 2041 legionibus
972 1972 1062 2023 fabros
1073 1971 1121 2020 de·

170 2044 238 2113 legit
253 2049 279 2096 ct
297 2060 329 2094 er
339 2040 482 2095 continenti
501 2040 567 2107 alios
583 2040 703 2094 arcessiri
721 2042 807 2105 iubet;
825 2040 941 2094 Labieno
960 2038 1066 2103 scribit,
1081 2044 1121 2100 ut,

173 2130 254 2181 quam
268 2110 396 2178 plurimes
409 2115 507 2176 posset,
523 2108 556 2161 iis
569 2108 730 2178 legionibus,
747 2128 815 2179 quae
825 2116 884 2162 sont
896 2110 966 2177 apud
975 2126 1054 2173 eum,
1071 2124 1123 2159 na-

173 2199 220 2233 res
232 2179 356 2233 instituet.
374 2180 449 2247 lpse,
466 2177 516 2230 etsi
527 2194 568 2229 res
579 2185 635 2231 erat
645 2181 747 2237 multae
756 2197 851 2247 operae
863 2196 895 2231 ac
904 2178 1014 2239 laboris,
1031 2182 1122 2229 tamen

80 2282 81 2285 =
173 2246 414 2302 cmnmodirsimum
425 2263 481 2297 esse
494 2246 686 2311 stotuitomnes
699 2265 778 2301 nares
791 2247 903 2300 subduci
914 2250 940 2299 et
953 2259 1014 2299 cum
1026 2245 1122 2297 castris

174 2334 228 2371 uua
239 2315 382 2372 munitione
396 2314 527 2383 coniungi.
555 2314 587 2367 ln
599 2316 642 2368 bis
654 2318 731 2369 rebus
745 2317 850 2369 circiter
860 2316 915 2369 dics
927 2318 1017 2369 decem
1025 2332 1121 2366 consu-

175 2387 239 2451 mit,
257 2402 290 2439 ne
300 2385 432 2437 nocturnis
443 2383 549 2451 quidem
561 2385 724 2451 temporibus
735 2388 769 2438 ad
779 2388 897 2439 laborem
916 2385 1031 2437 militum
1040 2382 1123 2437 inter-

174 2456 271 2511 missis.
301 2452 443 2507 Subductis
458 2451 568 2505 navibus
585 2454 728 2522 castrisque
746 2455 854 2523 egregie
872 2455 992 2519 munitis,
1015 2455 1123 2506 easdem

176 2525 282 2595 copias,
298 2541 362 2593 quas
374 2526 449 2584 ente,
464 2521 596 2589 praesidio
605 2522 715 2576 navibus
726 2524 844 2591 reique
862 2524 919 2591 ipse
929 2526 1035 2587 eodem,
1053 2524 1123 2574 unde

174 2595 303 2659 redierat,
318 2590 498 2661 proficiscitur.
531 2592 571 2645 Eo
584 2610 666 2659 quum
675 2592 801 2658 uenisset,
817 2594 930 2646 maiores
940 2592 995 2645 iam
1007 2592 1124 2658 undique

175 2665 204 2719 in
219 2682 280 2717 cum
291 2666 380 2718 locum
394 2660 484 2727 copiae
498 2660 686 2713 Britannorum
697 2669 884 2728 convenerant,
901 2679 1004 2715 sumnia
1017 2660 1125 2729 imperii

176 2734 292 2800 bellique
319 2728 517 2785 administrandi
547 2730 680 2785 communi
704 2732 811 2783 consilio
840 2730 969 2799 permissa
992 2731 1124 2783 Cassivel-

162 2796 273 2877 'latmo‚
293 2800 367 2854 cuius
384 2800 475 2851 linesa
491 2798 639 2853 maritumis
657 2799 805 2853 civitatibus
817 2801 915 2854 flumen
932 2799 1032 2864 dividit,
1055 2798 1124 2866 quod

178 2870 323 2937 adpelletur
333 2867 468 2933 Tamesis,
487 2882 504 2919 e
517 2868 586 2921 meri
599 2869 702 2921 circiter
714 2869 791 2921 milia
802 2886 928 2938 passuum
938 2870 1041 2921 LXXX.
1053 2868 1125 2920 lIuic

178 2938 313 3007 superiore
329 2944 446 3005 tempore
464 2954 524 2988 cum
545 2938 653 3004 reliquis
668 2936 818 2990 civitatibus
835 2937 991 2990 coutinentia
1003 2938 1073 2990 bella
1084 2936 1124 2987 in-

177 3014 358 3061 tercesserant:
376 3007 420 3058 sed
435 3012 524 3057 nostro
536 3008 648 3058 adventu
660 3008 774 3074 permoti
783 3006 903 3061 Britamri
912 3008 984 3060 lruuc
997 3007 1045 3059 teti
1056 3006 1124 3059 bellu

177 3074 341 3145 imperioque
349 3075 533 3141 praefecerunt.

249 3146 292 3199 12.
310 3144 464 3197 Britanniae
480 3160 546 3212 pars
558 3146 665 3199 interior
678 3146 715 3199 ab
735 3146 770 3199 iis
783 3146 917 3211 incolitur,
934 3164 996 3215 quos
1011 3152 1089 3199 natm
1098 3144 1125 3197 iu

179 3216 334 3282 inurlas‘pea
347 3213 469 3263 memoria
481 3214 614 3281 proditum
623 3216 730 3269 dicent:
745 3218 888 3269 maritume
898 3213 963 3285 perr
975 3216 1008 3267 ab
1026 3217 1067 3278 ile,
1083 3213 1126 3285 qui

178 3284 296 3354 praedae
307 3298 338 3334 ao
350 3281 409 3332 belli
417 3275 546 3347 inferendi
556 3301 685 3337 canescere
692 3284 784 3355 Belgis
792 3287 970 3348 trmreiercnte
986 3287 1031 3354 qut
1042 3297 1126 3337 omnes

82 3422 85 3429 Ι
177 3356 239 3421 fere
254 3353 287 3409 iis
301 3348 443 3421 moriribus
460 3348 789 3425 cicerum-adpetente,
806 3356 897 3429 quibes
908 3356 959 3410 orti
968 3349 1125 3411 ee'civitati·
1141 3409 1142 3422 ,
