2317 3809
349 177 428 235 ase.
445 178 466 230 1.
502 174 587 229 ese.
605 176 738 231 1e-1s.
858 252 864 261 Ι
1003 174 1023 235 7

69 314 126 379 Quo
138 313 242 383 proelio
255 314 352 367 subleti
372 314 503 378 Helvetii,
521 315 591 383 qaod
610 310 758 385 quingentis
777 316 907 385 equitibus
924 323 1025 370 tuntum

69 384 264 437 multitudinem
277 385 393 451 equitum
405 387 581 451 propulerant,
597 386 722 437 audacius
737 388 883 449 subsistere,
898 404 1024 439 nonnum-

68 463 178 519 qafflnet
185 454 328 505 novissimo
337 454 442 523 agmine
450 456 548 521 proelio
556 463 657 505 nostros
664 450 941 521 beessersseoeperunt.
958 458 1024 507 Cne-

68 524 310 589 sersuosuproelio
325 524 472 576 continebat
484 540 515 574 uc
529 521 591 574 sutis
600 524 909 591 bnbcbatinprnesentia,
922 527 1025 577 bostem

67 590 174 657 rapinis,
182 592 393 661 pabulationibus
401 594 662 659 populationibusque
669 594 816 659 probibere.
834 594 875 645 ltu
886 594 940 644 (lies
949 594 1025 645 cirel-

68 666 108 712 ter
119 661 275 727 quindecim
283 660 465 724 iterfecerunt,
474 662 513 713 uti
522 662 886 717 internovissirnurnlrostium
895 679 991 730 agmen
1000 671 1025 715 ct

67 730 308 797 nostrumprimum
314 748 366 783 non
372 730 573 798 ampliusquinis
581 731 815 785 autseaismilibus
828 732 972 800 [passuum]
984 730 1024 784 ia·

68 804 185 851 teresset.
581 822 586 832 ¹

139 866 182 931 16.
200 867 306 919 Interim
321 868 437 935 quotidie
452 870 549 921 &esar
567 870 671 923 Aeduos
692 871 868 932 frumentum,
892 866 961 935 quod
983 884 1025 920 es-

68 942 125 988 sent
138 936 242 1004 publice
254 936 380 1002 polliciti,
399 939 536 1007 flugitare:
558 956 622 991 aum
633 947 739 1007 propter
750 940 861 1007 frigora,
878 940 948 1004 queo
958 938 1024 991 Gul-

69 1006 107 1057 lie
129 1008 179 1057 sab
196 1006 436 1071 septemtrionibus,
465 1016 493 1059 ut
513 1013 573 1061 ante
594 1009 692 1060 dietum
710 1014 763 1071 est,
794 1007 879 1074 positu
896 1014 948 1065 est,
971 1024 1022 1058 non

68 1076 148 1126 modo
160 1076 293 1127 frumenta
305 1076 331 1127 in
348 1076 419 1144 egris
432 1084 536 1128 rnutura
550 1094 600 1128 non
611 1086 694 1140 erant,
711 1079 754 1128 sed
768 1094 800 1127 ne
812 1076 904 1144 pabuli
916 1076 1023 1148 qssidern

68 1144 133 1195 satis
145 1160 243 1211 magns
257 1144 335 1212 copie
347 1147 511 1211 subpetebat:
530 1164 561 1198 eo
575 1155 663 1202 autem
678 1150 815 1208 frumento,
833 1147 902 1211 qriod
914 1145 1022 1197 linurins

68 1211 147 1265 Arari
162 1214 272 1265 nutibus
284 1216 447 1278 subvexerat,
465 1224 602 1283 propterea
614 1216 748 1267 minuenti
763 1223 874 1282 poterut,
891 1216 958 1281 quud
973 1215 1023 1266 iter

67 1284 101 1333 eb
112 1282 193 1333 Arari
202 1283 318 1333 Helvetii
331 1290 492 1347 averterant,
510 1284 632 1351 aquibus
644 1285 776 1336 discedere
796 1284 909 1335 nolebat.
943 1284 1021 1334 Dioni

67 1368 99 1402 ex
113 1351 157 1402 die
171 1352 265 1403 ducere
276 1347 373 1414 Aedai3
393 1354 520 1417 oonterri,
537 1354 711 1421 comportari,
735 1356 825 1405 adesse
844 1353 938 1405 elicere.
968 1352 1022 1405 Ubi

66 1438 95 1471 se
107 1420 206 1472 (liutius
218 1421 278 1471 duci
293 1419 420 1473 intellexit
433 1429 459 1473 et
475 1423 545 1474 diem
555 1424 664 1486 instrue,
682 1438 733 1490 quo
746 1423 789 1474 elie
804 1420 1022 1473 frumentatum!-

65 1489 159 1542 litibus
173 1488 262 1541 metiri
278 1496 421 1555 oporteret;
439 1492 589 1543 convocetis
602 1510 693 1544 eorum
714 1492 887 1557 principibus,
909 1507 1021 1559 quorum

65 1574 194 1627 magnam
213 1558 316 1625 copiam
336 1558 363 1610 in
383 1561 475 1613 castris
493 1562 624 1624 habebut,
648 1561 676 1613 iu
691 1560 734 1612 bis
749 1560 881 1613 Divitiueo
895 1567 922 1612 et
935 1560 1021 1622 Lisco,

65 1628 112 1693 qui
124 1644 228 1679 summo
239 1628 396 1696 magistratu
410 1636 543 1697 praeerat,
567 1632 658 1698 (quern
676 1631 868 1699 vergobretum
888 1630 1022 1696 adpellant

66 1696 164 1760 Aedui,
183 1697 228 1764 qui
239 1704 343 1750 ereetrrr
356 1714 455 1751 aonrrus
464 1704 490 1751 et
502 1699 573 1752 niteo
589 1700 710 1766 necisque
723 1699 751 1750 in
771 1715 831 1764 orsos
846 1698 928 1751 hebet
947 1704 1041 1764 pote.

65 1768 182 1848 statem)
199 1766 369 1835 gravitereos
383 1776 497 1831 accuset,
516 1770 593 1853 quoti,
611 1786 692 1835 quum
705 1786 788 1835 neque
803 1768 873 1849 cmi,
891 1784 973 1849 nepae
988 1783 1022 1819 cx

66 1836 1022 1973 tetsttttltt,tilettttttttttotttittt'itt

65 1974 291 2040 eorumprecibus
301 1974 427 2027 adductus
437 1977 536 2028 bellurn
551 1976 700 2046 susceperit,
716 1976 801 2028 multo
810 1975 890 2026 etium
902 1972 1020 2043 grecias,

65 2044 134 2110 quod
146 2042 183 2094 sit
197 2040 342 2107 destitutus,
358 2044 485 2111 queritur.

132 2112 178 2164 lt.
194 2113 266 2165 Tum
276 2113 382 2165 domam
391 2114 498 2177 Liscus,
518 2113 637 2165 oratione
648 2111 768 2165 (laem
786 2112 927 2174 addemur,
950 2108 1021 2177 quorl

65 2186 141 2233 antea
152 2184 278 2245 mouerat,
295 2183 432 2249 proponite
449 2185 512 2235 Esse
520 2185 661 2247 nonnullos,
679 2200 786 2251 puerum
794 2183 936 2233 auctoritas
948 2179 1021 2247 epod

64 2252 163 2318 plebem
174 2252 315 2318 plurimum
329 2254 418 2303 vatem
425 2270 436 2313 ,-
453 2254 498 2320 pui
507 2253 608 2319 priuati
617 2254 677 2319 ptus
685 2253 791 2319 possint,
810 2268 888 2319 quern
901 2252 951 2315 ipsi
960 2266 1019 2300 me·

64 2322 201 2387 gennem
227 2321 283 2371 Hos
294 2322 415 2372 seditiosu
429 2330 506 2389 etque
520 2322 627 2388 inprobe
639 2323 756 2373 oratione
770 2321 959 2371 multitudinem
972 2318 1020 2369 de-

64 2396 175 2451 terrere,
196 2406 230 2441 ne
247 2393 411 2455 frumentum
428 2394 574 2456 conserant,
600 2392 668 2457 quod
683 2398 819 2457 praestare
835 2390 955 2439 debeant.
990 2386 1021 2437 Si

64 2458 117 2507 iem
130 2459 308 2527 principatum
325 2460 429 2511 Gellius
446 2461 558 2511 obtinere
573 2477 625 2509 oon
635 2462 749 2527 possint,
767 2460 917 2519 Gallorum,
940 2472 1018 2523 quum

64 2527 242 2577 Romanorum
256 2530 366 2595 imperia
381 2534 513 2594 perferre,
529 2530 684 2591 satiusesse,
700 2531 783 2595 neque
797 2527 932 2587 dubitare,
949 2526 1019 2592 quim
1119 2536 1124 2546 '

63 2597 86 2646 ri
95 2596 231 2647 Heluetios
243 2599 423 2663 superaverint
442 2599 570 2661 Romani,
588 2616 642 2649 una
660 2614 717 2648 eum
739 2598 840 2663 relique
859 2595 947 2646 Galba
966 2596 1018 2645 Ae-

63 2665 121 2716 duis
134 2666 282 2735 libertatem
295 2668 347 2717 sint
360 2668 481 2732 erepturi.
514 2668 554 2719 Ab
565 2668 656 2717 iisdem
669 2674 758 2717 nostru
774 2665 888 2726 consiliu,
902 2678 1018 2730 quaeque

63 2734 90 2785 in
111 2735 207 2786 cemus
226 2743 371 2802 gerentur,
394 2736 507 2787 hostibus
526 2737 673 2787 enunciari:
696 2736 742 2796 lios
759 2750 777 2784 a
795 2750 822 2783 se
843 2734 954 2783 coerceri
967 2746 1019 2781 nou

60 2818 152 2871 posses
172 2804 233 2871 puin
248 2806 336 2867 etium,
354 2805 422 2871 quod
435 2807 575 2857 necessario
588 2822 644 2855 rem
660 2802 883 2854 coactus-caesuri
895 2802 1017 2853 enuncie-

61 2872 112 2933 rit‚
125 2872 280 2941 intellegere
295 2890 366 2936 sese,
383 2881 479 2941 quanto
493 2875 521 2926 te
537 2890 594 2925 cum
606 2874 721 2941 periculo
730 2874 843 2938 fecerit,
861 2879 887 2923 et
909 2872 940 2922 ab
958 2884 1018 2921 eam

61 2958 200 3003 caussam,
218 2944 355 3009 quamdiu
367 2943 498 3009 potuerit,
517 2945 637 2995 tacuisse.
664 2976 668 2980 -

131 3009 175 3063 18.
195 3010 292 3061 Caesar
308 3011 360 3063 bac
380 3009 584 3063 orationeLisci
598 3008 804 3077 Dumnorigem,
821 3008 946 3060 Divitiuci
962 3007 1018 3058 bu-

60 3083 146 3143 trern,
164 3078 297 3147 designari
312 3080 453 3138 sentiebat:
471 3082 524 3145 sed,
550 3081 619 3147 quod
638 3078 759 3153 pluribus
777 3078 954 3145 praesentibus
972 3090 1017 3126 eas

60 3164 101 3199 res
116 3148 213 3201 iactari
226 3149 343 3213 nolebat,
362 3150 481 3201 celeriter
497 3147 772 3211 concilium'dimittit,
789 3148 894 3201 Liserun
907 3146 1016 3198 retinete

60 3216 165 3284 quamit
177 3219 277 3269 exsulo
288 3234 332 3281 eu,
349 3235 416 3285 quoe
433 3218 461 3269 in
479 3224 608 3271 conventu
624 3218 733 3270 dixerut.
768 3218 839 3269 Dicit
852 3216 1017 3280 liberiusat7

60 3304 110 3353 que
124 3286 259 3339 audacias.
293 3286 393 3341 Eadem
409 3294 510 3339 secreto
528 3286 638 3338 eb'nlils
652 3287 769 3354 quaerit3
786 3284 885 3352 reperit
898 3300 954 3334 esso
969 3298 1018 3332 ve-

60 3372 100 3409 ra.
133 3357 225 3425 Ipsum
234 3373 289 3410 esee
302 3356 495 3449 Dummripem,
512 3372 614 3411 samma
626 3358 749 3434 mucia,
765 3372 868 3425 magne
879 3352 951 3420 apud
956 3349 1016 3418 pte-

985 3581 1153 3724 ¹¹
