2317 3809
171 192 233 254 170
284 251 291 264 ,
469 205 522 260 ΒΕ
537 203 680 260 nanno
696 205 832 262 cll'lnl

238 339 282 396 oa.
306 342 364 396 lam
380 359 444 398 vero
462 361 495 396 eo
513 343 603 414 magis
618 343 661 398 illi
679 344 1131 408 mutuandumitererirtimabant

167 411 274 476 ltaque,
291 413 392 464 duabus
403 413 575 466 auxiliaribus
597 415 747 467 cohortibus
761 416 864 468 Ilerdae
874 415 1002 482 praesidio
1019 417 1130 479 relictis,

169 481 290 532 omnibus
298 482 380 548 copiis
392 483 505 537 Sicorim
517 489 650 536 transeam
661 492 688 536 et
701 502 762 536 cum
774 485 876 536 duabus
888 485 1049 554 legionibus,
1067 502 1130 552 quas

168 549 345 616 superioribus
358 552 449 603 diebus
460 552 674 616 transduxerunt,
691 560 778 605 casm
790 553 958 622 coniungunt.
982 555 1129 621 Relinque-

170 619 247 671 batur
261 619 368 672 Caesari
377 621 459 686 nihil,
476 620 526 672 nisi
540 621 581 672 nti
594 622 712 688 equitatu
723 639 821 690 agmen
835 622 1052 674 adversariorum
1061 626 1127 676 malo

167 689 278 743 haberet
290 695 316 742 et
326 695 458 772 carperctr
475 708 539 756 pons
553 690 709 757 enimipsius
723 709 850 760 prognem
856 691 992 743 circuitum
1000 693 1126 755 babebat,

168 763 198 810 ut
211 761 295 812 multo
308 759 429 811 breviore
441 757 533 814 itincre
545 759 588 810 illi
602 760 636 810 nd
646 760 752 811 Iberum
766 761 903 828 pervenire
914 767 1028 827 possent.
1047 761 1127 828 Equi·

167 831 207 880 tes
221 830 255 880 ab
268 845 299 880 eo
311 827 385 880 missi
397 829 494 880 llumen
508 834 642 880 transeunt
656 835 690 892 et,
700 847 781 895 quum
794 831 826 881 de
839 829 916 881 tertia
928 829 1024 898 rigilia
1038 831 1125 882 Petre-

168 895 209 948 ius
220 901 298 964 atquc
308 897 430 952 Afranius
440 904 525 950 castra
540 897 696 961 movissent,
713 904 818 964 repente
834 915 891 949 sese
905 899 941 950 nd
951 898 1124 950 novissimum

168 981 265 1036 agmen
277 967 413 1028 ostendunt
429 971 466 1030 et,
483 983 581 1034 magna
600 966 767 1020 multitudine
779 967 953 1032 circumfusa,
969 970 1075 1021 morari
1087 975 1122 1021 nl·

167 1053 220 1104 que
231 1035 283 1088 iter
294 1035 410 1103 inpedire
421 1034 555 1102 incipiunt.

237 1103 281 1156 64.
301 1104 393 1158 Prima
410 1105 468 1156 luce
483 1103 703 1172 exsuperioribus
715 1102 798 1168 locis,
815 1120 883 1170 quoe
894 1103 1014 1156 Caesaris
1033 1104 1122 1157 castris

168 1178 242 1224 erant
260 1173 408 1238 coniuncta,
432 1175 603 1238 cernebatur,
628 1173 757 1240 equitatus
767 1174 849 1225 nostri
858 1173 957 1242 proelio
968 1173 1122 1226 novissimos

165 1241 275 1295 illorum
293 1243 378 1310 premi
392 1243 574 1308 vehementer,
596 1259 628 1294 ac
646 1259 830 1310 nonnunquam
841 1242 967 1294 sustinere
977 1251 1121 1294 extremum

167 1326 264 1379 agmen
283 1318 362 1378 atque
377 1311 548 1379 interrumpir
571 1310 638 1364 alias
650 1311 746 1364 inferri
758 1311 834 1380 signa
848 1318 875 1363 et
885 1311 1070 1364 universarum
1081 1328 1120 1362 co

167 1379 285 1432 hortium
308 1381 398 1447 inpetu
415 1386 517 1432 nostros
535 1381 660 1448 propelli3
684 1380 744 1431 dein
756 1399 846 1432 rursus
859 1396 998 1432 conversos
1012 1380 1118 1446 insequi.

167 1448 244 1500 Totis
259 1448 423 1501 verocastris
442 1450 539 1504 milites
550 1447 674 1500 circulari
684 1455 710 1500 et
723 1450 826 1513 dolere,
842 1451 943 1501 boetem
958 1467 990 1501 ex
1003 1451 1120 1502 manibus

167 1517 280 1581 dimitti,
296 1519 396 1572 bellum
406 1535 457 1570 non
468 1519 613 1571 necessario
623 1518 728 1586 longius
742 1519 819 1570 ducir
843 1519 1012 1570 Centuriones
1025 1520 1120 1570 Tribu-

166 1604 266 1653 nosque
276 1587 392 1640 militum
402 1587 474 1640 adire
487 1594 565 1655 atque
583 1589 737 1651 obsecrare,
753 1596 783 1640 nt
794 1605 847 1654 'pcc
860 1605 906 1640 eos
915 1588 1014 1641 Caesar
1027 1588 1120 1640 certior

166 1656 249 1720 lieret,
263 1673 297 1715 ne
308 1658 391 1710 labori
402 1675 447 1710 eno
458 1675 510 1709 nco
517 1658 633 1726 periculo
644 1665 779 1724 parceret.-
791 1665 905 1724 parator.
916 1674 969 1708 esee
983 1674 1048 1721 rere,
1062 1674 1119 1726 poc-

167 1742 195 1778 re
210 1734 236 1777 et
247 1727 345 1778 andere
356 1743 389 1778 eo
403 1727 515 1779 transire
528 1729 639 1794 flumen,
656 1743 708 1794 qno
721 1727 885 1778 bonsdnetus
900 1733 966 1777 erret
983 1729 1116 1793 cpnilntuo.

168 1795 289 1862 Quorum
306 1795 392 1848 eurio
410 1799 436 1847 et
452 1795 561 1846 vocibus
578 1794 703 1847 excitatns
716 1795 829 1858 mesor,
843 1794 893 1846 etsi
912 1794 1023 1847 timebat
1035 1802 1117 1848 mutae

167 1863 355 1934 magnitudinis
363 1863 468 1918 flumini
479 1863 622 1917 exercitum
633 1863 762 1928 obiicere,
778 1865 924 1916 conandum
938 1872 1029 1918 umen
1043 1872 1116 1930 atquc

167 1933 350 2001 experiendum
361 1932 467 1988 iudicat.
501 1934 591 2000 ltaque
603 1931 758 1985 infimiores
768 1931 865 1985 milites
878 1951 910 1984 ex
923 1932 1046 1987 erunibus
1060 1949 1115 1983 een-

169 2002 244 2055 turiis
257 2002 339 2072 deligi
350 2002 431 2067 iubet,
445 2019 556 2070 quorum
570 2008 616 2054 aut
624 2001 727 2054 animus
739 2007 785 2054 ant
799 2003 871 2054 vires
882 2000 1114 2054 videbantursustl-
1135 2043 1137 2047 .

167 2089 229 2124 nero
240 2090 291 2125 non
303 2089 392 2139 posse:
406 2073 456 2124 lros
470 2089 531 2123 cunr
542 2071 648 2140 legione
661 2087 714 2122 una
728 2069 859 2138 praesidio
872 2071 965 2122 castris
982 2070 1113 2136 relinquit:

164 2140 279 2206 reliquas
291 2140 408 2210 legiones
420 2141 552 2207 expeditas
562 2139 649 2192 educit
665 2156 815 2209 magnaque
825 2157 934 2192 numero
943 2139 1114 2192 iumentorum

166 2208 195 2260 in
212 2210 321 2263 flumine
337 2225 416 2276 supra
440 2215 518 2276 atque
534 2210 606 2262 inira
624 2209 778 2272 constituto,
800 2209 943 2261 transducit
964 2211 1112 2262 exercitum.

165 2279 248 2332 Pauci
268 2296 301 2332 cx
320 2277 363 2330 bis
385 2277 529 2338 militibus,
543 2279 571 2330 vi
583 2277 700 2329 fluminis
709 2277 827 2344 abrepti,
842 2278 877 2329 ab
890 2277 1009 2345 equimtn
1021 2275 1114 2343 excipi·

166 2355 246 2402 untur
257 2364 289 2401 ac
301 2347 482 2400 subleventur:
499 2345 598 2400 interiit
609 2353 696 2398 tamen
706 2364 791 2398 nemo.
814 2348 978 2401 Trmrsdueto
991 2344 1113 2399 ineolmni

166 2416 298 2481 exercitu,
321 2415 410 2483 copias
427 2415 532 2468 instruit
548 2416 729 2484 triplicemque
742 2415 826 2468 aciem
838 2416 932 2468 ducere
945 2416 1046 2483 incipit.
1078 2415 1112 2465 Ac

166 2491 268 2540 tontum
282 2485 368 2538 inilia
381 2484 509 2538 militibus
518 2485 612 2549 studii,
629 2491 672 2549 ut,
689 2484 794 2537 milium
805 2485 841 2536 w
855 2486 890 2536 ad
901 2485 952 2537 iter
963 2482 1111 2554 additojeir·

167 2556 254 2617 cuitu,
270 2567 420 2638 magnaque
431 2555 466 2606 ad
481 2554 580 2608 vadum
592 2553 708 2607 tlruninis
721 2571 797 2606 moro
810 2553 978 2621 interposita,
995 2571 1055 2617 eos,
1071 2549 1111 2619 qui

167 2627 200 2678 de
212 2624 290 2678 tertio
302 2624 397 2696 vigilia
410 2623 529 2686 exissent,
546 2630 607 2676 ante
616 2625 712 2676 boram
719 2623 773 2675 diei
785 2639 881 2676 nonam
893 2629 1109 2690 consequerentur.

220 2693 279 2748 ·65.
297 2694 369 2761 Quos
385 2692 433 2744 ubi
443 2692 567 2745 Afranius
584 2694 676 2759 procul
694 2691 765 2744 visos
783 2709 845 2744 cum
859 2693 962 2744 Petreio
975 2690 1109 2758 conspexit,

166 2779 236 2816 nova
253 2781 283 2816 re
298 2761 450 2832 perterritus
461 2761 526 2814 loeis
541 2762 718 2829 superioribus
731 2762 846 2815 constitit
855 2761 991 2827 aciemque
1002 2759 1109 2814 instruit.

167 2835 263 2884 Caesar
280 2832 309 2884 in
321 2831 419 2899 eampis
434 2830 576 2882 exercitum
588 2831 687 2895 reiicit,
703 2848 736 2883 ne
748 2831 878 2889 delossum
888 2831 989 2897 proelio
999 2830 1108 2883 obiiciat.

166 2903 270 2957 Mnus
281 2907 402 2959 conantes
421 2900 545 2968 progredi
563 2895 707 2968 insequitur
719 2904 746 2954 et
755 2907 881 2953 moratur.
914 2900 959 2966 illi
970 2897 1107 2952 necessario

163 2969 302 3035 maturius,
316 2987 395 3037 quam
405 2969 599 3035 constituerant,
608 2978 694 3022 castro
702 2975 813 3036 ponuntr
830 2970 952 3022 suberant
962 2969 1032 3021 enim
1040 2983 1107 3020 mon-

165 3045 294 3110 tesatque
309 3039 442 3099 omilibps
457 3055 581 3105 passuum
593 3036 1108 3106 qninqnoitinerndifficiliaatqneangu·

120 3132 123 3146 ¹
164 3115 207 3163 sta
222 3107 392 3175 excipiebant.
417 3109 487 3162 ¹Hos
502 3107 686 3162 intra-montes
696 3125 725 3161 ee
742 3106 914 3174 recipiebant,
930 3113 961 3159 ut
971 3106 1107 3175 equitatum

165 3178 313 3247 effugerent
321 3175 451 3240 Caesaris,
468 3175 654 3246 praesidiisque
669 3177 697 3231 in
708 3177 835 3246 angustiis
847 3176 1002 3240 conlocatis,
1015 3171 1106 3229 exerri·

165 3253 223 3300 tum
234 3246 328 3312 itinere
338 3245 587 3313 prohibereutripsi
600 3247 656 3301 sine
664 3244 782 3314 periculo
796 3263 828 3299 ac
839 3245 935 3302 timore
952 3247 1056 3313 lberam
1065 3259 1104 3296 co·

165 3318 223 3386 pias
237 3315 452 3370 transducerentr-
467 3316 599 3382 quod'tuit
615 3314 671 3370 illis
686 3316 832 3370 conandmn
852 3321 931 3382 atque
948 3314 1020 3366 omni
1030 3311 1104 3366 ratio

166 3405 199 3440 ne
214 3383 387 3439 efficiendum.
421 3382 473 3436 Sed
494 3384 573 3440 totius
588 3385 641 3440 dici
656 3402 746 3454 pogna
759 3391 839 3454 atque
848 3382 948 3438 itineris
960 3385 1050 3438 labore
1063 3382 1102 3433 de
