2317 3809
148 207 212 270 178
254 161 257 170 Α
460 164 830 265 oeneuuo'ervitn

118 375 119 382 ¹
147 349 209 417 brit,
228 357 271 415 nt,
288 337 488 417 introjeuntes
499 350 595 419 gestis,
614 355 663 401 out
675 366 733 401 cunr
742 321 837 410 bonore
855 331 956 418 aliem,
969 331 1124 406 'aut'certc

147 424 202 475 sine
214 422 359 491 ignominia
370 418 471 471 domurn
484 425 651 470 revertantur
660 418 848 486 exercitumque
859 420 1003 470 dimittant.
1029 419 1123 482 Quae

147 499 237 544 tamen
247 491 333 542 omnia
350 497 375 541 et
391 506 419 540 se
429 490 518 550 tulisse
533 489 666 555 patienter
679 495 705 539 et
724 504 777 538 cose
794 489 1022 554 loturumencqne
1037 505 1122 538 nune

47 567 56 578 “
147 562 177 614 id
192 577 289 630 agere,
307 567 339 612 nt
357 559 455 608 abillis
475 557 615 608 abductum
634 558 771 608 coercitum
783 563 874 608 teneat
886 558 956 622 ipsc,
976 556 1047 622 qnod
1070 565 1120 607 ta-

148 647 208 683 raco
220 629 269 681 sibi
282 629 389 694 difficile
403 643 454 678 non
471 627 522 687 sit,·
539 627 585 677 sed
598 643 631 676 ne
652 627 692 676 illi
710 626 839 687 habeant,
857 643 907 693 quo
922 633 1013 676 contra
1027 641 1060 676 se
1074 625 1122 676 nti

146 699 253 768 possint.
290 697 416 761 Proinde,
434 702 465 747 ut
481 701 545 746 esset
557 690 824 761 dictum,'prooinoiis
844 695 995 745 excederent
1008 695 1117 744 exerci-

108 811 112 821 .
148 776 254 835 tumque
267 767 439 818 dimitterent:
456 765 479 815 si
491 763 520 814 id
533 764 567 815 sit
573 767 694 830 sactum,
712 765 856 814 nociturum
867 779 895 824 se
907 764 1006 814 nemini
1012 781 1021 813 .·
1038 763 1119 814 leuna

149 853 230 890 unam
244 843 273 887 ot
291 853 322 886 ue
334 842 474 886 crtremnm
486 834 560 899 pacis
577 849 631 883 esse
644 834 821 884 conditionem

219 904 261 957 stt.
274 854 310 955 id
323 919 386 954 vero
392 901 521 953 militibus
532 900 744 969 luitpergratum
756 907 782 953 et
795 901 951 963 iucundum,
963 905 994 951 nt
1007 917 1040 951 ex
1051 899 1119 967 ipsa

149 972 339 1044 significatione
357 970 441 1038 potuit
458 969 597 1036 cognosei3
614 979 658 1033 ut,
677 970 722 1036 qui
743 970 843 1037 aliquid
865 968 930 1021 uicti
946 968 1117 1020 incommodi

149 1042 382 1111 exspectavissent,
400 1040 471 1090 ultro
483 1039 631 1104 praemium
643 1039 773 1090 missionis
785 1041 890 1090 ferrent.
924 1038 1006 1102 Num,
1024 1055 1117 1104 quum

149 1113 183 1164 de
203 1115 262 1164 loco
279 1116 304 1163 et
320 1114 437 1175 tempore
456 1105 512 1159 eius
531 1107 571 1160 rei
592 1109 768 1160 controversia
786 1107 942 1160 inferretur:
958 1114 985 1158 et
997 1124 1068 1159 soce
1088 1113 1117 1158 et

149 1180 271 1234 munibus
294 1177 409 1230 universi
426 1195 457 1229 ex
473 1177 560 1239 vallo,
580 1177 627 1228 ubi
644 1177 825 1240 constiterant,
849 1176 1000 1245 significare
1013 1194 1115 1242 eoepe-

148 1255 226 1313 runt,
239 1256 269 1302 ut
283 1248 374 1300 statim
385 1247 588 1310 dimitterentur,
603 1263 686 1314 neque
697 1247 766 1298 omni
776 1247 929 1314 interposita
931 1247 989 1312 fide
996 1248 1115 1311 firmum

45 1364 49 1377 ,
150 1336 205 1372 coro
224 1333 313 1384 posse,
332 1318 354 1368 si
376 1317 405 1366 ia
422 1315 497 1366 alind
516 1323 617 1382 tempos
634 1317 790 1382 differretur.
824 1314 921 1366 Paucis
940 1329 1022 1380 quum
1037 1319 1114 1366 esset

149 1385 178 1440 in
190 1392 328 1452 utrumtme
340 1389 442 1452 portem
457 1383 544 1436 verbis
557 1383 732 1450 disputatum
749 1400 791 1436 res
802 1384 856 1435 hue
866 1384 1016 1453 deducitur,
1032 1390 1064 1435 nt
1074 1384 1111 1447 ii,

149 1456 196 1524 qui
212 1455 326 1506 habeant
345 1451 508 1517 domicilium
533 1459 579 1503 uut
598 1453 770 1518 possessiones
788 1452 817 1503 in
837 1453 980 1519 Hispania,
1002 1453 1112 1514 statim3

149 1522 245 1590 reliqui
259 1522 293 1574 nd
307 1523 405 1574 Varum
419 1522 516 1572 flumen
528 1520 704 1573 dimittanture
722 1539 755 1573 ne
770 1521 832 1588 qnid
846 1521 884 1572 eis
898 1527 1037 1584 noceatur,
1054 1537 1112 1573 neu

150 1593 210 1663 quis
221 1591 317 1644 insius
328 1597 520 1641 sacramentum
533 1589 621 1642 dicere
633 1597 743 1659 cogatur
755 1607 772 1642 a
787 1590 913 1652 Caesare,
931 1597 1047 1643 cavetur.

218 1660 262 1713 ot.
274 1661 377 1712 ‘usaue
388 1677 420 1710 ex
430 1675 461 1710 eo
473 1664 606 1725 tempere,
625 1661 687 1712 dum
701 1661 735 1711 ad
745 1660 843 1710 flumen
857 1661 957 1710 Varum
976 1659 1109 1722 veniatur,

150 1729 356 1787 estrumentum
377 1729 500 1780 totunm
520 1729 672 1794 pollicetur:
689 1726 765 1780 addit
782 1720 878 1790 ctiam,
895 1729 1021 1796 ut,‚qnid
1037 1730 1109 1796 quun

150 1817 200 1870 quc
215 1817 302 1852 eoram
321 1800 349 1850 in
368 1799 432 1850 bello
454 1798 585 1860 amiserit,
605 1815 672 1864 quae
690 1798 743 1849 sint
759 1813 842 1864 penes
861 1799 956 1848 milites
975 1814 1048 1861 uma,
1065 1799 1107 1860 iis,

150 1870 197 1939 qui
208 1869 357 1931 omiserint,
376 1867 547 1918 restituetur:
564 1865 708 1929 militibus,
726 1883 809 1932 aequa
827 1866 898 1918 iacto
915 1865 1108 1928 aestimatione,

150 1937 289 2007 pecu-niam
312 1953 360 2004 pro
379 1936 413 1987 iis
427 1935 506 1986 rebus
527 1934 653 1987 dissolvit
692 1935 876 2002 Quascumque
895 1940 985 2000 postea
1003 1941 1109 1986 conae-

150 2007 251 2060 nersias
262 2006 329 2059 inter
341 2022 369 2056 se
381 2004 477 2056 milites
490 2004 652 2068 habuerrmt,
673 2021 721 2055 suo
733 2009 822 2071 sponte
829 2005 862 2054 ad
870 2005 1011 2056 Caesarem
1022 2003 1052 2056 in
1067 2005 1109 2056 ius

151 2075 280 2140 adierunt.
314 2074 434 2125 Petreius
451 2077 529 2138 utque
542 2073 680 2135 Afranius,
699 2089 780 2138 quiem
796 2073 954 2140 stipendium
972 2074 1006 2125 ab
1022 2073 1108 2142 legio-

151 2145 228 2197 nibus
242 2157 324 2210 paeuo
341 2142 466 2194 seditione
480 2143 550 2192 laeta
564 2141 744 2208 flagitaretur,
761 2141 835 2192 euius
852 2141 893 2192 illi
909 2142 979 2193 diem
991 2145 1107 2194 nondum

150 2213 254 2269 vennae
273 2211 399 2273 dicerent,
417 2211 513 2261 Caesar
530 2215 560 2260 ut
575 2212 761 2277 cognosceret,¹
776 2211 920 2276 postulant3
938 2228 1022 2276 eoque
1042 2212 1107 2264 ulri-

88 2305 90 2312 ·
151 2281 215 2350 quie,
234 2279 303 2347 quotl
317 2279 421 2341 statuit,
439 2277 553 2330 contenti
574 2277 700 2331 ruerunt
720 2281 801 2332 Parte
817 2280 921 2330 circiter
938 2281 1016 2331 tertia
1034 2298 1108 2332 exer-

151 2351 218 2404 eitus
230 2367 261 2401 eo
275 2348 356 2400 biduo
376 2346 497 2410 dimisso,
514 2347 579 2398 duas
597 2346 713 2416 legiones
733 2365 793 2400 suas
807 2349 973 2412 antecedere,
991 2349 1108 2416 reliquus

150 2417 274 2485 subsequi
286 2417 375 2479 iussit,
392 2422 422 2466 ut
437 2433 487 2467 uon
501 2417 583 2484 longo
598 2416 666 2469 inter
676 2435 705 2467 se
715 2417 800 2484 spatio
822 2423 908 2470 eastra
920 2419 1051 2481 lacerent3
1068 2419 1107 2470 ei-

151 2505 203 2556 que
219 2487 326 2556 negotio
346 2486 377 2552 Q.
398 2485 504 2536 Fufium
523 2486 650 2538 Calenum
665 2487 797 2554 Legatum
813 2487 941 2553 praeficit.
975 2489 1036 2538 lloc
1050 2487 1106 2540 eius

150 2557 310 2626 praescripto
326 2571 357 2606 ex
370 2554 500 2620 Hispania
513 2556 546 2606 ad
563 2557 663 2608 Varum
678 2556 777 2611 llumea
791 2562 830 2610 eet
845 2555 897 2610 iter
911 2557 1011 2610 laetum
1028 2561 1106 2626 utqne

152 2626 192 2682 ibi
203 2627 305 2696 reliqua
314 2641 376 2694 pers
389 2623 515 2678 exereitus
526 2624 643 2678 dimissa

526 2813 732 2842 m

358 2981 552 3065 1L113ER
578 2978 874 3048 SECVNDVS

472 3103 782 3158 Anavmnurvtu

223 3233 252 3292 C.
270 3237 408 3291 Trebonius
422 3239 569 3293 Massiliam
579 3241 731 3310 obpugnot3
749 3241 876 3294 Nasidius
887 3255 945 3293 curo
957 3219 1044 3292 ¹classe
1057 3257 1103 3292 au-

152 3307 214 3360 silio
232 3309 353 3370 advenit,
369 3309 416 3358 sed
435 3312 527 3361 nauali
541 3312 639 3378 proelio
658 3319 797 3381 supmutnr
812 3328 834 3363 e.
849 3311 939 3362 1—t.
967 3311 1104 3362 'lbebonins

153 3377 288 3433 mocbinoe
301 3391 417 3446 magnae
427 3379 502 3430 orabo
515 3379 681 3448 adoppidonr
693 3381 815 3445 exstruit,
833 3381 924 3450 quibus
930 3381 1104 3440 Maesilc'enses
