2317 3809
332 212 410 289 uus‘.
427 234 458 288 v.
487 234 574 289 cuc.
592 234 705 290 1o-15.
764 284 769 291 ,
957 226 999 290 63

51 373 91 424 bus
103 390 132 425 co
142 380 322 441 pervenerunt
333 381 360 427 et
371 374 435 427 bello
447 376 528 428 inlato
541 376 577 429 ibi
588 382 767 442 rqmomerunt
776 382 855 447 atque
865 391 946 446 agros
957 392 999 428 oo-
1040 414 1045 420 .

49 444 96 493 lere
112 444 268 511 boeperunt.
303 444 442 497 Hominum
462 454 501 497 est
518 448 623 513 infinita
647 446 786 496 multitudo
798 446 1002 513 creberrimaque
1103 454 1108 463 '

49 513 182 578 aedificia,
201 516 265 577 sere
289 512 396 565 Gallicis
415 516 572 566 consimilia:
594 510 716 581 pecoruni
735 531 848 583 magnus
871 530 1000 566 numerus.

52 582 163 632 Utuntur
174 588 224 633 aut
237 598 316 645 aere,
334 590 381 634 aut
393 584 495 638 annulis
503 584 615 651 ferreis,
633 584 669 635 ad
680 590 779 635 certum
788 584 890 651 pondua
902 584 1001 634 mami-

48 652 128 713 notis,
141 667 192 717 pro
205 668 318 701 nummo.
338 652 463 705 Nascitur
472 654 509 704 ibi
518 653 652 721 plumbum
666 653 752 703 albem
767 653 796 703 in
808 652 1004 705 mediterrancis

48 720 209 787 regionibus,
227 721 254 769 in
266 720 411 773 maritumis
415 726 534 789 serrum3
549 724 596 773 sed
612 723 771 789 eiuserigua
785 728 824 772 est
835 722 923 788 copias
939 734 1003 773 acre

48 796 155 839 utuntur
165 789 304 854 inportata,
326 790 455 858 ‚Materia
476 792 596 859 cuiusque
617 792 735 859 generis,
752 798 782 841 ut
792 790 820 840 in
834 790 936 852 Gallia,
955 795 1002 852 est,

46 860 258 924 proeterfagum
272 864 351 926 atque
363 860 482 911 abietem.
517 858 642 929 Leporem
663 860 830 928 etgallinam
845 866 871 910 ct
884 875 1002 916 aruerera

48 935 163 993 gustare,
165 929 214 991 sas
222 930 458 994 nonputant3baec
466 938 555 981 tamen
563 930 1002 997 aluntanimiuoloptotisquecaus·

48 1012 84 1047 sa.
102 995 174 1045 Loco
181 1002 242 1051 sunt
248 999 519 1067 temperatiora,quam
526 1000 552 1049 in
560 998 656 1062 Gallia,
662 997 846 1050 remissioribus
848 997 1003 1067 frigoribus

113 1062 157 1115 13.
180 1064 270 1115 insula
288 1073 386 1117 notura
407 1070 551 1135 triquetra,
577 1069 649 1119 cuius
670 1084 749 1119 unum
766 1068 838 1118 lotus
857 1075 895 1119 est
911 1073 1003 1118 eontm

49 1134 173 1185 Gelliam.
209 1133 297 1184 uun
316 1136 407 1186 lateris
420 1139 489 1187 alter
503 1138 625 1205 angulus,
642 1139 738 1205 quiesi
751 1138 788 1187 ad
801 1136 936 1199 Carnium,
953 1152 1003 1203 quo

43 1206 101 1269 sere
113 1218 203 1253 omnes
216 1218 246 1252 eu
264 1202 353 1254 Gallia
370 1222 449 1256 naues
470 1207 649 1272 adponuntur,
665 1206 705 1256 ad
712 1206 835 1257 orientem
847 1207 925 1255 solem
932 1220 946 1266 ,·
960 1204 1002 1254 in·

42 1274 125 1337 serior
139 1271 176 1322 ad
196 1271 331 1323 meridiem
348 1282 457 1341 spectat.
493 1276 549 1325 Hoc
570 1276 639 1325 ictus
656 1281 729 1326 tenet
741 1274 844 1325 circiter
853 1272 926 1325 meva
936 1290 1001 1341 pas·

46 1358 119 1393 suum
136 1342 170 1391 D.
190 1341 309 1393 Alterum
326 1345 413 1411 uergit
428 1344 465 1395 ad
487 1344 644 1411 Hispaniam
655 1352 733 1413 atque
745 1342 901 1395 occidentem
913 1344 1001 1404 solem,

47 1428 96 1477 quo
111 1428 143 1461 er
155 1416 233 1477 parte
254 1418 291 1462 eet
304 1410 440 1475 Hibernia,
459 1412 574 1463 dimidio·
584 1415 679 1475 minor,
696 1420 726 1464 ut
738 1414 903 1475 aestimatur,
921 1424 1001 1479 quam

46 1480 207 1540 Britanniu3
224 1478 272 1529 scd
281 1480 346 1545 pari
358 1482 443 1547 spatio
457 1483 633 1542 transmissus,
650 1488 728 1550 atque
744 1498 775 1533 es
792 1482 894 1544 Gallie,
912 1487 951 1531 est
972 1480 1002 1531 in

46 1548 221 1599 Britanniam.
256 1546 288 1599 Iu
302 1548 349 1599 boc
361 1550 444 1601 medio
457 1568 534 1602 cursu
545 1559 584 1601 est
597 1552 690 1613 iusrsla,
703 1568 770 1618 quac
782 1550 930 1617 adpellatur
941 1549 1000 1599 Mo-

45 1634 97 1679 ua‚·
115 1618 258 1684 complures
274 1625 412 1684 praeterea
432 1621 542 1670 minores
560 1620 676 1671 obiectae
690 1620 792 1671 iosuloc
806 1620 1000 1669 existimamini:

47 1686 77 1737 de
97 1687 191 1754 quibus
212 1688 302 1739 insulis
323 1689 440 1739 nonnulli
457 1690 625 1755 scripserant,
650 1689 705 1739 dies
721 1690 851 1739 continuos
865 1686 944 1738 m
953 1684 1000 1737 sub

46 1756 136 1807 bru-om
148 1771 203 1805 csse
214 1763 322 1808 noctem.
341 1756 396 1808 Nos
404 1758 469 1811 nibil
476 1760 549 1817 ,deso
560 1758 792 1825 percontationibus
802 1756 1005 1822 reperiebamus,

45 1825 95 1875 nisi
105 1824 184 1876 certis
206 1842 237 1876 er
257 1842 327 1893 aqua
347 1827 472 1877 mensuris
493 1828 619 1878 breuiores
634 1844 703 1887 esse,
721 1842 799 1893 quam
810 1826 838 1876 in
850 1824 1001 1885 continente,

46 1900 131 1944 noctes
145 1893 305 1945 videbamus.
340 1892 425 1946 Huius
448 1902 486 1946 est
503 1896 637 1962 longitudo
659 1894 760 1955 lateris,
777 1900 807 1943 ut
822 1894 881 1962 sert
898 1893 1002 1942 illorum

46 1964 140 2028 opinio,
156 1962 229 2014 DCC
240 1964 347 2014 milium.
387 1964 502 2015 Tertium
517 1972 555 2015 est
568 1971 657 2015 couno
667 1962 869 2028 septemtriones,
884 1960 926 2011 cui
935 1976 1001 2028 pam

46 2032 158 2083 tiuulla
180 2040 219 2083 est
243 2034 342 2083 obiecta
359 2040 447 2094 terra,·
472 2033 518 2083 sed
539 2032 594 2083 eius
610 2030 829 2099 anguluslateris
839 2030 950 2080 maxime
963 2027 1002 2081 ad

49 2100 218 2153 Germaniam
241 2108 358 2169 spectat.-
372 2102 431 2157 buic
446 2102 521 2152 milia
531 2118 656 2167 passuum
671 2100 763 2151 DCCC
773 2100 801 2150 in
812 2098 1002 2167 longitudinm

48 2185 113 2232 esse,
133 2170 305 2223 existimatur.
340 2170 385 2223 Ita
396 2170 478 2223 omnis
494 2172 580 2223 insula
594 2176 632 2221 cst
645 2171 673 2222 in
686 2170 794 2222 circuitu
808 2168 887 2221 vicies
899 2175 1002 2221 acutum

47 2239 145 2290 milium
151 2254 286 2307 passuum.

113 2307 157 2359 14.
178 2308 219 2359 uu
237 2308 278 2360 bis
298 2310 414 2361 omnibus
433 2310 585 2379 langueant
606 2308 797 2371 bumnnissimi,
820 2307 865 2377 qui
879 2306 1002 2360 Cantium

46 2376 167 2439 incolunt,
182 2380 334 2447 quaeregio
346 2386 385 2431 est
394 2381 535 2431 marituma
548 2380 638 2443 omnis,
649 2395 731 2447 neque
742 2379 881 2429 multum'a
897 2376 1002 2427 Gallica

47 2447 170 2512 differunt
180 2448 369 2499 consuetudine.
405 2448 539 2500 interiores
547 2450 664 2515 plerique
677 2452 814 2515 framenta
832 2463 884 2497 nan
903 2448 1003 2506 serunt,

47 2516 92 2565 sed
104 2518 172 2567 lacte
184 2522 210 2567 ct
223 2532 300 2568 carne
310 2518 569 2585 uiuuntpellibusque
581 2526 640 2569 suut
653 2518 748 2569 uestiti.
785 2516 879 2567 Omnes
889 2530 950 2565 uero
971 2526 1002 2565 se

47 2584 169 2637 Britanni
179 2586 245 2637 vitro
258 2587 381 2653 inficiant,
398 2586 469 2655 quod
480 2588 626 2639 caeruleum
638 2587 717 2653 efficit
728 2587 844 2646 colorem,
861 2590 940 2650 atque
953 2580 1002 2633 bas

49 2650 192 2706 horridiore
204 2662 264 2706 sunt
276 2656 406 2725 inpugna
426 2656 564 2723 adspectu:
582 2657 722 2723 capilloque
742 2661 800 2706 sunt
815 2654 942 2719 'promisso
957 2656 1002 2703 at·

48 2740 95 2790 que
107 2724 179 2774 omni
187 2732 265 2789 parte
276 2726 387 2791 corporis
401 2742 478 2789 rasa,
492 2732 598 2793 praeter
609 2732 688 2792 caput
710 2731 736 2775 et
756 2724 857 2773 labrum
875 2720 1001 2787 superius.

52 2792 145 2844 Uxores
155 2792 253 2843 babent
268 2794 329 2845 deni
342 2793 502 2862 duodenique
515 2796 584 2845 inter
594 2812 620 2845 se
631 2808 774 2845 communes
787 2798 812 2841 ct
822 2791 1002 2856 marimesra-

47 2868 98 2912 tres
107 2863 299 2928 cumfratribus
310 2872 479 2931 parentesque
494 2881 551 2915 cum
569 2864 670 2923 liberis3
686 2862 741 2924 sed,
755 2861 778 2910 si
791 2862 905 2928 quisunt
919 2876 949 2910 ec
961 2858 1004 2909 bis

47 2932 111 2993 nati,
121 2948 209 2982 eorum
222 2931 349 2983 habentur
360 2933 443 2995 liberi,
453 2922 501 3000 qao
514 2934 626 2999 primum
633 2932 709 2999 uirgo
716 2946 831 2998 quaeque
837 2929 949 2981 deducta
955 2934 1002 2979 est.

116 2998 159 3052 15.
177 3000 285 3065 Equites
299 3000 416 3052 hostium
436 3002 612 3068 essedariique
629 3000 726 3052 aeriter
739 3000 840 3066 proelio
852 3014 913 3050 cum
927 2995 1003 3063 equi-

48 3072 103 3119 tatu
114 3073 206 3120 nostro
218 3068 246 3119 iu
261 3068 354 3120 itinere
370 3070 553 3133 conflixerunt,
570 3076 659 3121 tumen
671 3074 701 3119 ut
712 3066 794 3119 nostri
808 3068 928 3119 omuibus
939 3081 1003 3132 par-
1016 3114 1019 3119 .

48 3137 117 3189 tibus
128 3136 277 3205 superiores
290 3138 387 3191 iuerurt
398 3146 476 3205 atquc
488 3156 532 3190 eos
541 3139 569 3190 iu
583 3138 662 3189 silvas
676 3138 806 3204 collesque
816 3134 1003 3203 corrrpsderints

50 3208 93 3259 sed
107 3206 285 3275 compluribus
303 3207 460 3271 intersectis,
477 3207 596 3275 cupidius
609 3206 734 3269 insecuti,
751 3207 888 3268 nonnullus
900 3222 932 3255 ex
947 3200 1002 3254 suis

51 3276 198 3328 amiserunt.
233 3278 268 3327 Ae
281 3276 336 3339 illi,
353 3276 501 3331 intermisso
516 3276 617 3343 spatio,
639 3275 835 3343 inprudentibus
848 3272 943 3325 nostris
960 3276 1003 3328 et·

52 3360 100 3409 que
113 3344 248 3413 occupetis
260 3344 288 3397 in
300 3346 444 3399 munitione
457 3350 615 3408 castrorum,
633 3346 719 3397 subito
734 3362 762 3397 se
782 3362 814 3395 ex
831 3341 1003 3423 siluissemus-
1033 3345 1039 3356 ¹

52 3420 110 3467 runt
129 3414 271 3483 inpetuque
281 3414 360 3470 iueos
374 3416 455 3480 lecto,
470 3414 517 3483 qui
529 3421 604 3468 orout
615 3414 644 3467 in
657 3414 768 3467 statione
776 3428 824 3477 pro
835 3417 928 3461 castus
940 3422 1003 3455 cou-
