2317 3809
318 224 396 290 um.
412 231 481 289 mr
498 226 587 289 err
602 229 725 291 ac-rs
898 194 902 197 ’
942 228 1003 291 rer

90 372 151 427 Β.
171 371 262 427 Noeta
271 372 415 441 insequenti
425 375 508 459 legati
520 374 686 443 mspoumad
696 388 757 427 suos
766 374 893 440 referunt,
902 375 1005 429 meua

24 444 199 497 conficiunt.
235 445 399 497 Concurrunt
410 445 572 511 reliqnarruu
584 444 732 497 civitatium
747 444 842 513 legati,
860 461 928 511 quae
939 446 1003 497 liel-

24 515 202 566 leo-acorum
226 514 426 579 speculabantur
435 521 564 567 arentum.
599 514 711 565 Obsides
725 514 804 577 daut,
820 513 951 581 imperata
962 516 1003 567 ia·

23 584 120 648 ciunt,
144 588 261 649 excepto
272 584 400 647 Commio,
416 600 494 651 quem
507 584 588 637 timor
600 582 765 650 prohibebat,
777 582 930 651 cuiusquam
941 582 1004 634 lidei

22 670 110 705 ruam
142 652 315 703 committere
334 654 453 704 salutem.
487 654 555 705 Nam
571 651 707 719 superiore
723 668 791 703 anuo
810 652 845 703 Τ.
864 652 1003 717 Labienus,

23 724 160 774 Caesare
173 720 204 772 iu
220 720 309 773 Gallia
319 721 439 773 citeriore
450 722 491 774 ius
502 722 617 785 dicente,
639 738 720 788 quum
734 720 884 773 Commium
898 736 1004 787 compe-
1087 751 1090 755 -

22 792 112 844 risset
126 789 282 843 sollicitare
291 790 410 843 civitates
424 796 450 843 et
460 791 664 843 coniurationem
679 796 771 843 contre
781 791 921 857 &marem
932 791 1004 841 iace

23 880 72 925 re,
90 858 293 911 infidelitatem
305 859 362 912 cius
376 859 431 911 sine
442 862 498 913 ulla
507 860 617 927 pertidia
630 859 756 911 iudicavit
768 858 908 927 comprimi
920 874 1003 926 pesse.

23 932 130 997 Quem
155 928 224 995 quia
241 944 293 980 uon
312 928 491 981 arbitrabatur
508 936 632 981 vacuum
653 928 682 980 ia
698 936 783 981 sesne
798 928 953 991 venturum,
969 944 1004 978 ne

23 997 171 1053 tentando
187 996 334 1049 cautiorem
349 998 454 1061 iaceret,
470 999 500 1051 0.
513 999 672 1050 Volusenum
683 998 848 1064 Quadratum
862 997 947 1060 misit,
959 996 1006 1063 qni
1100 1022 1108 1037 ν

25 1086 99 1120 eum
116 1082 175 1134 per
189 1064 385 1118 simulationem
399 1066 531 1133 conloquii
539 1075 644 1120 curaret
652 1067 868 1119 interficiendum.
890 1068 1006 1118 rideam

25 1156 93 1190 rem
109 1136 238 1188 delectos
247 1134 353 1187 idoneos
366 1136 392 1187 ei
402 1136 481 1187 tradit
491 1136 667 1189 Centuriones.
702 1136 790 1203 Quum
801 1136 829 1187 in
838 1134 1006 1203 conloquium

27 1212 156 1259 rentum
173 1210 243 1255 esset
260 1208 299 1267 et,
322 1210 352 1255 ut
364 1211 533 1271 convenerat,
550 1222 660 1258 manum
673 1205 787 1257 Commi
800 1206 944 1258 Volusenus
958 1204 1006 1255 ad-
1103 1224 1108 1231 ·

29 1276 189 1343 ripuisset3
208 1272 347 1335 Centurio,
362 1276 407 1326 vel
421 1280 451 1325 ut
466 1274 567 1327 insueta
581 1292 613 1326 re
625 1278 771 1341 motus,
787 1276 831 1325 vel
853 1274 973 1326 celeriter
988 1288 1006 1324 a

29 1340 230 1397 laruiliaribus
247 1342 395 1407 prohibitus
414 1343 544 1406 Camurii,
560 1344 690 1395 conticere
699 1344 833 1395 borninem
843 1360 896 1395 non
907 1341 1005 1410 pomits

30 1413 169 1483 graviter
180 1416 270 1461 tamar
280 1411 366 1477 primo
376 1412 430 1464 ictu
442 1412 533 1480 gladic
542 1414 642 1480 [caput]
658 1412 793 1479 percussit
810 1413 899 1479 Quum
912 1410 1005 1464 mrim·

31 1501 92 1550 quq
107 1478 203 1551 gladii
222 1479 338 1531 destricti
349 1488 446 1544 aasent3
463 1498 515 1533 non
525 1488 581 1533 tam
596 1482 743 1550 pugnandi,
759 1498 839 1548 quam
849 1479 1006 1549 diffugiendi

31 1553 91 1605 fuit
113 1555 297 1615 utrorumque
314 1549 468 1601 consilium:
491 1556 653 1614 contremui,
668 1552 739 1617 qued
750 1552 886 1603 mortitere
896 1551 1007 1601 votnm

32 1616 205 1674 comarum
214 1618 353 1680 credebam
363 1620 508 1683 adiectum3
527 1620 675 1683 Gallorur,
685 1621 763 1685 quod,
774 1619 875 1671 insidiis
883 1616 1006 1687 cognitio,

31 1692 142 1757 plum,
160 1702 244 1753 quam
258 1686 396 1751 videbunt,
413 1688 621 1755 extimescebaqt.
639 1690 698 1755 Quo
710 1690 780 1740 laete
792 1688 912 1739 statuisse
925 1688 1006 1739 Com-

32 1755 1005 1824 miusdicebatnr,nuniquemiuconspectumcuinsquamllumanirenire.
1038 1801 1042 1807 .

114 1824 164 1880 24.
180 1824 393 1877 Bellicosissimis
406 1826 527 1893 gentibus
540 1826 663 1888 devietis,
680 1828 790 1888 Caesar,
807 1842 887 1890 qum
898 1824 1008 1885 videret,

34 1896 153 1949 nullam
168 1892 226 1944 iam
238 1910 293 1944 esse
307 1892 448 1959 civitatem,
463 1911 530 1961 qnae
542 1895 644 1947 bellum
653 1893 832 1961 pararetque
847 1891 1006 1945 sibiresiste-

37 1971 101 2029 ret3
122 1963 173 2015 sed
184 1963 321 2013 nonnullos
343 1980 375 2014 ox
387 1964 489 2031 oppidis
500 1963 665 2031 demigrare,
682 1980 714 2014 ex
726 1962 801 2029 agris
811 1960 955 2027 diffugere,
972 1960 1007 2011 ad

38 2048 177 2102 praeseus
185 2030 493 2097 imperiumevitandnme
505 2031 719 2099 pluresinpartes
725 2030 869 2083 sancitum
875 2028 1007 2081 dimittere

42 2100 204 2163 cermtituitr
227 2100 264 2153 nt
287 2100 429 2153 Antonium
446 2102 621 2168 Quaesturam
637 2116 698 2151 eum
715 2099 819 2169 legione
831 2099 869 2151 xl
881 2098 931 2150 sibi
942 2114 1006 2149 con·

39 2170 155 2253 iungi13
174 2169 204 2221 G.
220 2168 332 2221 Fabium
342 2170 472 2239 begaturu
485 2188 546 2224 cum
560 2165 712 2232 eebarffltus
723 2170 796 2221 XXV
803 2167 1006 2221 mittitiudirer*

40 2238 190 2297 sissrm'aun
206 2238 310 2291 Galliae
324 2247 441 2305 partem,
463 2241 532 2306 quud
551 2238 589 2290 ibi
607 2240 733 2306 quasdam
748 2238 864 2291 civitates
883 2238 910 2290 in
925 2235 1019 2288 anuis-

43 2326 110 2363 esse
120 2307 257 2369 audiebat,
272 2324 356 2374 nequa
369 2309 397 2361 0.
406 2308 544 2361 Caninium
552 2308 685 2372 Rebilum,
700 2310 839 2377 legatum,
855 2306 900 2374 qui
912 2305 940 2357 in
952 2304 1007 2355 ill'm

43 2376 209 2447 regionibus
222 2383 355 2443 praeerat,
373 2378 436 2430 satis
449 2379 540 2431 firmas
552 2378 578 2431 ll
588 2378 704 2446 legiones
716 2378 816 2429 habere
831 2374 1005 2429 existimabat
1038 2427 1040 2429 ,

44 2450 83 2500 Τ.
96 2446 251 2499 umerum
263 2446 298 2499 ad
309 2464 337 2498 se
348 2452 449 2510 euocat,
459 2447 644 2515 legionemque
656 2448 714 2511 llll,
728 2459 797 2513 quae
810 2463 870 2499 cum
879 2462 911 2497 cu
922 2445 1008 2495 iuerat
1043 2483 1046 2488 .

45 2518 76 2569 in
104 2514 245 2577 hibernis,
266 2515 294 2567 in
312 2516 444 2583 Togatam
464 2515 583 2569 Galliam
603 2516 700 2578 mittit,
721 2518 754 2569 ad
774 2516 890 2568 colonias
908 2511 1008 2564 civium

46 2588 240 2638 Romanarum
254 2586 372 2649 tuendas3
397 2602 430 2637 ne
442 2586 511 2653 quod
522 2584 609 2637 simile
619 2586 813 2638 incommodam
822 2584 952 2635 accideret
962 2581 1008 2631 de-

46 2654 179 2707 cursione
189 2652 374 2723 barbarorum,
392 2670 424 2706 ae
434 2654 569 2721 superiore
580 2661 679 2707 aestate
691 2652 853 2723 Tergestinis
863 2650 1015 2711 scemeca,

46 2723 99 2790 qni
109 2721 249 2789 repentino
263 2723 401 2777 latrodnio
414 2729 492 2789 atque
502 2723 593 2791 inpetu
603 2741 694 2777 eorum
704 2731 777 2775 ment
789 2720 914 2803 obpressi.
946 2720 1006 2785 lpse

46 2794 86 2845 ad
100 2790 244 2843 vastandos
257 2793 498 2863 depopulandosque
510 2792 573 2845 lines
578 2789 1007 2861 Ambiorigisprolicrseitur,quem
1032 2836 1038 2858 ‚

44 2860 226 2929 perterritum
239 2876 271 2911 ac
287 2861 431 2927 tlrgientem
442 2878 523 2929 quum
535 2861 622 2931 redigi
632 2878 708 2929 posse
721 2860 843 2917 insuam
853 2863 1007 2927 potestatem

46 2932 232 2995 desperasset,
254 2930 401 2994 proximum
417 2946 480 2981 suae
498 2930 633 2998 dignitatis
649 2948 706 2981 esse
723 2930 846 2992 ducebat,
863 2928 929 2980 adeo
941 2927 1006 2977 dnos

47 2999 111 3051 eius
124 3002 232 3048 vastare
241 2996 351 3062 civibus,
367 2996 501 3061 aediliciis,
513 3014 618 3066 pecore,
632 3006 663 3051 ut
673 2998 734 3050 edio
745 3014 852 3050 suorum
863 2990 1008 3057 saniona,

49 3068 75 3121 si
97 3082 167 3133 qnos
184 3067 288 3119 icauna
306 3068 410 3120 iecisset
427 3067 559 3134 reliquos,
572 3067 676 3119 nullum
684 3066 797 3119 reditum
809 3069 1006 3136 propturtautas

50 3134 224 3191 salernitates
232 3136 342 3188 haberet
350 3137 378 3187 in
390 3134 530 3189 civitatem.
988 3156 991 3161 ·

126 3202 173 3256 25.
200 3204 289 3277 Quum
307 3204 336 3255 in
357 3206 441 3275 omnis
460 3213 546 3273 partes
559 3203 652 3257 linium
663 3204 824 3274 Ambiorigis
833 3209 880 3257 aut
890 3200 1007 3273 legiones
1049 3241 1054 3250 ,
1082 3253 1089 3261 ,

53 3278 103 3327 aut
119 3271 221 3325 auxilia
233 3273 485 3341 dimisisset,‹etque
498 3274 586 3326 omnia
601 3273 738 3339 caedibus,
754 3274 893 3336 incendiis,
909 3268 1008 3337 rapinis

52 3348 201 3405 vastasset,
225 3358 324 3411 magno
340 3360 449 3395 numero
457 3330 596 3395 hdminum
605 3342 740 3396 interiecto
752 3353 799 3397 aut
809 3351 897 3410 captor
913 3338 1009 3393 Labie*

52 3428 123 3475 ιιιιιιι,
133 3427 197 3465 curu
208 3412 311 3465 duabsu
322 3412 470 3482 legioniba
486 3412 515 3467 in
530 3412 655 3465 Trerbos
667 3414 763 3477 mittit,
783 3427 896 3482 qaenam
907 3410 1008 3469 ciuitas,

956 3733 986 3757 Δ-
