2317 3809
765 100 837 141 ,ν“’

75 238 78 244 -
154 192 197 259 64
413 204 467 257 llll
489 202 841 293 subnectamus

153 358 288 401 armorum
303 358 382 397 onero
393 340 538 411 oppressis,
555 342 636 395 simul
645 347 671 395 et
683 343 720 394 dc
732 342 844 395 rombus
857 339 1033 394 desiliendum
1043 346 1070 394 et
1081 342 1111 393 in

153 413 276 465 fluctibus
288 412 480 465 consistendum
496 420 593 465 etcum
608 412 728 465 hostibus
745 418 803 464 erat
822 413 1009 479 pugnandum:
1027 428 1110 478 quum

153 481 195 533 illi
216 488 262 535 aut
279 498 310 533 er
331 482 422 545 arido,
445 487 491 533 eut
512 483 660 548 paullulum
671 482 700 532 ln
711 498 809 548 equam
822 481 966 548 progressi,
985 481 1110 533 omnibus

155 551 281 603 merubris
295 551 421 617 expediti,
445 550 587 603 notissimis
604 552 670 602 locis
692 553 818 603 andamer
837 552 890 602 tela
909 550 1068 601 coniiccrent
1083 556 1112 602 ct

127 620 132 633 “
155 628 236 686 equos
249 620 406 672 insuefactos
416 619 561 673 incitarent.
581 682 583 691 Ι
596 620 699 685 Quibus
705 621 788 671 rebus
800 619 882 671 nostri
901 620 1050 685 perterriti,
1067 627 1111 671 at-

155 707 207 757 que
216 688 296 741 buius
308 690 413 741 omnino
423 689 528 757 generis
538 706 645 757 pugnae
658 689 777 756 inperiti,
795 707 847 741 non
864 691 957 741 eadem
969 688 1113 741 alacritate

152 774 189 879 'qe
210 758 307 824 studio,
337 776 389 827 quo
409 758 437 810 in
456 759 620 825 pedestribus
638 758 680 811 uti
697 758 805 825 proeliis
823 758 1112 820 consummante

172 833 256 881 autur.

225 895 268 949 25.
287 898 364 963 Quod
374 896 419 949 ubi
437 898 535 949 Caesar
550 896 668 950 snimmn
683 896 811 959 sdrertit,
828 912 908 949 naves
923 898 1025 967 longas,
1042 913 1111 963 qna-

155 980 216 1019 rum
226 975 252 1018 et
264 966 362 1032 species
374 970 431 1019 erat
443 966 563 1019 barbaris
576 966 726 1019 inusitatior
737 973 764 1017 et
776 972 862 1017 motus
881 968 916 1018 ad
934 982 1012 1017 usum
1029 983 1111 1032 expc-

154 1036 249 1097 ditior,
265 1036 385 1102 paullum
396 1036 526 1087 removeri
540 1037 574 1087 ab
588 1035 719 1088 onerariis
726 1036 837 1087 novibus
856 1041 882 1086 ct
902 1035 983 1087 reims
1001 1035 1112 1086 incitari

155 1110 182 1156 et
193 1106 227 1155 ed
237 1106 306 1157 latus
315 1111 435 1171 apertum
448 1105 564 1156 bostium
580 1104 714 1165 constitui,
732 1110 811 1170 atqne
823 1104 886 1155 indo
902 1104 1006 1166 fundis,
1022 1104 1111 1171 sugit-

154 1173 205 1235 tis,
230 1174 377 1236 tormentis,
398 1177 486 1226 hostes
506 1175 619 1241 propelli
633 1192 665 1225 ac
681 1174 832 1225 submoveri
856 1173 944 1224 iussit:
975 1190 1043 1240 quae
1065 1190 1110 1224 res

156 1239 335 1309 magno.usui
351 1244 445 1295 nostris
464 1244 522 1298 tuit
556 1244 625 1295 Nam
646 1250 672 1295 et
688 1243 796 1295 navium
819 1242 907 1309 ligura
927 1248 1110 1293 strenuorum
1145 1261 1146 1264 ¹

156 1322 231 1364 motu
244 1318 270 1363 ct
278 1312 401 1364 inusitato
419 1328 516 1381 genere
535 1318 725 1364 tormentorum
738 1312 851 1378 permoti
865 1310 973 1363 borboni
985 1311 1110 1363 constite-

99 1389 108 1408 ⁸
156 1388 232 1444 rum,
249 1397 280 1431 ec
293 1383 411 1448 peullmn
424 1383 502 1435 modo
518 1384 613 1449 pedem
630 1383 781 1433 retulerunt.
817 1381 902 1447 Atque
923 1380 1018 1433 nostris
1033 1380 1110 1431 mili-

155 1451 224 1502 tibus
240 1451 435 1515 cunctantibus,
453 1450 568 1503 maxime
578 1457 685 1517 propter
704 1450 869 1503 ultitudinem
884 1449 981 1514 muris,
999 1449 1046 1516 qui
1060 1451 1109 1501 dc-

155 1518 241 1571 cimae
253 1518 364 1586 legionis
378 1520 494 1585 aquilam
506 1521 620 1584 ferebat,
638 1525 795 1571 contestatus
812 1522 895 1581 Deos,
912 1525 942 1569 ut
956 1536 989 1570 ea
1007 1536 1049 1571 res
1067 1520 1110 1570 le-

155 1587 229 1657 gioni
239 1588 350 1639 feliciter
361 1588 487 1641 eveniret:
505 1591 622 1652 Desilitc,
639 1588 730 1655 inquit,
746 1590 941 1651 commilitones,
956 1590 1008 1639 taisi
1027 1588 1110 1639 valtis

156 1658 272 1725 aquilam
283 1658 394 1710 hortibus
403 1660 527 1725 moderes
544 1672 594 1727 ego
605 1667 675 1711 certe
685 1673 770 1710 mcum
781 1659 937 1725 reipublicae
957 1665 1035 1724 atquc
1055 1659 1109 1708 im-

80 1762 82 1767 ·
153 1728 392 1796 peratoriosficium
402 1730 565 1794 praestitero.
600 1730 661 1778 lloc
671 1744 752 1794 quum
761 1744 859 1795 magne
868 1742 936 1780 ,voce
944 1726 1060 1788 dixisset,
1074 1740 1116 1777 ex·
1145 1717 1146 1742 ¹

144 1796 255 1849 „navise
267 1797 377 1862 proiecit
390 1803 468 1862 utque
481 1795 509 1848 in
521 1797 736 1863 hostesoquilorn
749 1797 818 1846 ferre
839 1795 931 1861 coepit.
967 1796 1039 1846 Tum
1058 1812 1107 1846 no-

155 1864 212 1930 stri,
228 1866 356 1918 cohortati
367 1865 434 1917 inter
449 1882 485 1929 sc,
501 1883 534 1917 nc
548 1872 651 1918 tantum
664 1866 774 1916 dedecus
786 1864 973 1926 admitteretur,
990 1863 1109 1916 universi

155 1952 188 1989 ox
202 1935 263 1987 nari
275 1936 443 1988 desiluerunts
461 1936 511 1987 bos
523 1936 588 1987 item
603 1953 635 1986 ss
646 1934 772 2001 proximis
786 1934 879 2000 primis
898 1932 1008 1985 navibus
1022 1950 1107 2000 quum

156 2004 359 2070 conspexissent,
375 2005 507 2057 subsecuti
520 2005 640 2057 hostibus
650 2003 900 2069 adpropinquarunt

224 2069 267 2125 26.
284 2074 435 2141 Pugnatum
454 2081 493 2126 est
505 2074 670 2140 abatrisque
690 2073 802 2135 acriter,
820 2073 901 2124 nostri
916 2073 1107 2139 tamen,.qusd

76 2196 89 2210 ..
109 2206 113 2213 1
153 2157 238 2207 neque
250 2142 352 2193 ordines
364 2160 481 2207 seruere,
498 2160 583 2209 neque
593 2143 704 2194 lirmitcr
712 2142 838 2206 insistere,
855 2159 939 2208 neque
951 2142 1028 2209 signa
1041 2143 1108 2193 sub-

154 2209 228 2275 sequi
240 2216 373 2275 poterant,
389 2219 467 2278 atque
487 2212 554 2264 elius
572 2212 627 2263 aliu
645 2230 677 2262 cx
695 2211 772 2274 navi,
797 2211 1003 2277 quibuscumque
1021 2210 1108 2278 signis

154 2286 311 2344 occurrerat,
326 2297 354 2331 se
366 2282 538 2349 adgregabat,
553 2298 653 2347 magno
666 2298 745 2347 opere
756 2282 981 2349 perturbabantur.
1006 2281 1108 2331 Hostes

155 2366 232 2411 voro,
244 2349 317 2414 ,notis
333 2350 454 2401 omnibus
469 2350 560 2412 vadis,
580 2350 627 2401 nbi
646 2368 678 2401 cx
693 2350 771 2401 litore
792 2349 895 2417 aliquos
912 2348 1061 2415 singulares
1073 2366 1107 2399 cx

154 2417 217 2470 nari
232 2418 393 2487 egredientes
413 2425 612 2485 conspexerant,
644 2418 758 2469 incitatis
769 2417 841 2483 cquis
854 2417 981 2484 inpeditos
998 2418 1107 2468 adorie-

156 2487 264 2540 bantur:
284 2489 371 2555 plures
382 2504 480 2555 paucos
494 2487 734 2539 circumsistebant:
751 2486 799 2537 mii
814 2487 848 2537 ab
867 2487 949 2538 lutere
965 2491 1059 2551 aperta
1075 2486 1105 2537 in

154 2557 289 2609 universos
310 2558 364 2609 tela
379 2556 558 2608 coniiciebant.
601 2557 679 2621 Quod
703 2572 785 2622 quum
807 2555 926 2607 animum
949 2555 1106 2608 advertioeet

156 2625 267 2691 casas,
293 2627 404 2693 scaplms
422 2628 563 2695 longarum
581 2624 703 2689 navium,
720 2624 786 2676 item
801 2622 975 2691 speculatoria
993 2623 1106 2691 navigia

154 2694 283 2748 militibus
293 2695 419 2763 compleri
433 2694 508 2746 iussit
518 2700 552 2757 et,
569 2711 635 2760 quos
644 2695 791 2745 laborantes
802 2698 978 2761 conspexerat,
994 2692 1104 2744 iis'sub-

153 2761 221 2814 sidia
227 2766 406 2818 submittebat.
431 2764 528 2826 Nostri,
540 2761 620 2815 amul
630 2762 658 2814 in
670 2763 744 2815 arido
755 2762 933 2825 constiterunt,
948 2762 1003 2814 suis
1014 2762 1103 2813 omni·

154 2832 204 2883 bus
219 2835 377 2897 consecutis,
394 2834 422 2885 in
434 2835 522 2885 hostes
531 2831 650 2899 inpetum
663 2832 782 2886 lecerunt
801 2839 879 2898 atquc
897 2849 942 2883 eos
961 2831 989 2882 in
1004 2833 1103 2899 lugam

152 2900 276 2954 dederunt
287 2920 370 2971 neque
379 2903 484 2972 longius
493 2901 615 2969 prosequi
627 2905 781 2967 potnerunt,
798 2902 869 2967 quod
881 2900 981 2968 equites
993 2918 1102 2953 oursmn
1144 2905 1145 2908 ’

152 2972 240 3020 tenere
258 2971 563 3038 stqueinsulamcepere
572 2987 625 3021 non
638 2975 782 3038 potuerant
816 2972 969 3023 Hocunum
989 2971 1025 3023 ad
1044 2970 1101 3037 pri-
1144 2987 1146 3000 ’

102 3096 105 3101 ,
151 3036 247 3091 etiamn
258 3041 389 3093 lortunsm
403 3040 510 3095 Caesari
520 3040 610 3093 deluit.

218 3108 265 3161 27.
282 3111 378 3161 Hostes
389 3111 489 3177 proelio
498 3110 629 3177 superati,
644 3109 725 3162 simul
736 3114 815 3176 atque
827 3126 855 3161 se
868 3125 901 3161 ex
910 3108 976 3176 luga
992 3121 1101 3175 recept-

39 3232 44 3243 ,
117 3170 120 3179 ’
152 3182 225 3241 runt,
243 3178 331 3231 statim
344 3178 377 3230 ad
391 3180 529 3231 Gaesarem
539 3182 641 3247 legatos
653 3181 687 3230 de
699 3178 919 3246 pacenriseruntz
936 3176 1040 3230 obsides
1051 3178 1100 3229 da·

151 3253 233 3309 turos,
250 3264 368 3314 quaeque
378 3246 531 3313 imperasset
543 3266 601 3299 sese
611 3250 736 3310 lacturm,
750 3246 938 3314 pollicitisunt.
972 3247 1100 3299 lluacnm

151 3314 194 3370 his
207 3315 301 3383 legatis
313 3314 447 3367 Commius
458 3317 566 3369 Atrebas
578 3316 662 3379 venit,
679 3333 758 3383 quem
770 3333 850 3382 snpra
858 3316 1099 3368 danomtssversm

151 3385 293 3439 adamare
308 3383 337 3437 in
348 3382 514 3443 Britanniam
530 3385 712 3451 praeminum.
745 3384 825 3439 Hunc
839 3384 881 3437 illi
897 3400 913 3437 e
929 3382 994 3437 nani
1008 3400 1099 3453 egres
