2317 3809
317 211 436 268 mut
469 208 726 270 olum-uti„
824 214 830 232 ⁸
943 206 1006 274 177

118 349 164 406 84.
188 349 325 414 Tandem,
346 348 468 402 moun
485 349 564 404 rebus
576 347 695 413 ulmi,
858 349 914 405 ἰιιιι
934 351 1006 408 sim

40 419 106 474 sine
116 422 216 490 pabulo
228 419 335 472 retentis
346 415 483 480 iumentis,
500 434 598 484 oquae,
612 419 766 488 lignorum,
784 419 898 474 mmenri
908 420 1007 488 inopia,

42 489 219 558 conloquium
232 495 322 555 petunt
336 493 363 540 et
377 487 418 551 id,
436 487 459 539 si
474 487 533 538 lieri
546 487 640 554 possit,
656 495 758 542 saneto
770 506 788 540 a
797 490 926 542 militibus
936 492 1006 546 luen.

40 559 102 612 [bi
114 560 144 612 id
159 575 177 611 a
189 559 302 610 Caesare
322 563 447 625 nmium
463 563 503 618 et,
520 558 612 624 palam
629 556 653 608 si
673 557 796 623 conloqui
814 560 925 624 sulem,
942 577 1012 616 eon-.

40 646 155 682 eessmn
166 634 218 690 est3
236 628 315 680 detur
327 625 425 678 obsidis
437 627 497 678 loeo
511 625 619 678 Cauni
628 625 699 678 lilius
708 626 822 680 Afranii.
846 627 963 686 ,Venitur
978 628 1013 694 ἰιιι

41 716 111 750 enm
129 699 236 760 loeurn,
259 713 337 762 quem
357 695 455 746 Caesar
471 695 577 762 delegit.
609 695 738 748 Audiente
756 703 868 764 utroquo
881 696 1007 760 exercitu,

40 765 169 834 loquitur
177 765 314 817 hirenius:
332 765 392 816 it'on
403 781 457 814 esse
470 772 517 815 aut
528 766 598 831 ipsis,
608 773 657 816 aut
668 765 791 816 militibus
799 768 1006 830 succensendum,

42 835 119 905 quari
141 835 221 900 fidem
240 851 307 902 erga
319 834 505 901 Imperatorem
521 851 595 886 suum
619 835 667 884 Cn.
686 833 835 901 Pompeium
855 852 1009 889 conservare

42 908 204 967 vomerum,
222 904 269 956 sed
291 905 357 954 satis
374 903 429 954 iam
439 903 534 968 senisse
552 903 638 968 afficio
650 905 764 971 sanaque
776 905 894 971 subplieii
907 906 1007 968 tulisse

41 990 185 1043 perpessos
201 973 312 1024 omnium
326 988 413 1022 rerum
427 971 554 1038 inopiam:
570 989 638 1023 nsua
649 989 718 1034 aero,
728 989 814 1038 paerie
829 975 1008 1040 arseranrir·

44 1043 223 1096 cummunitos
239 1040 372 1108 prohiberi
386 1058 471 1108 aqua,
494 1040 625 1106 prohiberi
640 1041 776 1110 ingressu,
800 1060 883 1110 seque
900 1060 1008 1109 sarpere

44 1115 185 1174 dolerem,
201 1127 283 1178 neque
299 1111 386 1161 animo
405 1110 577 1177 igrsominians
591 1113 665 1176 serre
677 1127 767 1177 mese:
788 1111 877 1179 itaque
888 1129 917 1172 se
927 1113 1009 1172 pistos

45 1182 185 1248 confiteri:
203 1196 278 1232 orare
292 1187 370 1246 atque
385 1179 532 1244 absumere,
549 1179 573 1228 si
585 1179 631 1246 qui
644 1180 713 1231 loeus
726 1181 917 1235 miserirordiae
927 1181 1010 1234 relin-

47 1259 163 1318 quatur,
194 1265 227 1302 ne
247 1249 284 1300 arl
301 1249 421 1300 ultimum
444 1248 596 1314 subplicium
617 1249 743 1316 progredi
762 1254 864 1302 neeesse
885 1250 1012 1304 habeant.

46 1321 128 1372 llaec
141 1334 221 1402 quum
233 1322 318 1384 potest
330 1315 500 1368 demisissime
513 1321 592 1382 atque
602 1317 790 1373 subiectissime
801 1319 914 1385 exponit.
1009 1361 1013 1373 .

121 1386 166 1440 Su.
192 1387 233 1438 As
247 1387 394 1438 euCaessr
407 1384 550 1452 rospondit:
574 1386 651 1438 Nulli
668 1389 782 1440 mmsis
801 1389 850 1440 has
865 1385 952 1456 partis
965 1389 1009 1442 ael

49 1455 246 1526 querimoniae,
264 1457 306 1506 oel
320 1456 508 1518 miserationis,
527 1455 611 1508 minus
628 1459 789 1509 conuenisse:
812 1459 923 1526 reliquos
938 1459 1014 1512 enirn

49 1526 137 1578 omnis
151 1543 226 1591 suum
241 1526 354 1591 officium
365 1525 526 1592 praestitisse
534 1543 545 1588 ,-
561 1542 603 1587 se,
620 1527 665 1593 qui
677 1528 757 1581 aiam
771 1527 1009 1588 bononensiitione,

52 1603 78 1647 et
90 1597 146 1646 loeo
163 1603 189 1646 et
207 1602 321 1662 tempore
340 1612 437 1662 aequo,
454 1595 593 1670 confligere
612 1595 739 1658 soluerit,
756 1604 875 1663 utquam
891 1598 1012 1664 integro,

51 1667 122 1716 rima
137 1670 220 1716 essent
233 1663 269 1714 ael
275 1680 368 1730 pacem
378 1665 463 1714 omnia
470 1681 480 1724 3
498 1663 637 1716 exercitum
646 1680 734 1727 suum,
748 1665 807 1730 qui,
819 1666 917 1720 miseria
928 1667 1009 1718 etiam

52 1740 163 1801 accepta
179 1733 280 1800 suisque
293 1733 448 1798 intersectis,
466 1749 528 1799 quos
540 1733 569 1783 in
584 1749 633 1792 sua
641 1740 770 1798 potestate
790 1733 926 1798 habuerit,
947 1752 1014 1796 creri-¹

52 1803 167 1854 servarit
181 1809 206 1852 et
222 1803 331 1862 tenerit3
344 1803 413 1854 illius
426 1803 537 1868 denique
555 1801 681 1862 exereitus
696 1803 803 1864 milites,
821 1803 924 1869 quipse
934 1821 962 1853 se
974 1803 1009 1854 (is

53 1871 219 1924 remittenda
228 1887 294 1938 paee
309 1871 425 1940 egerint:
442 1888 494 1937 qua
506 1871 535 1920 in
547 1885 576 1920 re
591 1870 704 1920 omnium
715 1885 818 1922 suorum
832 1872 905 1923 vitae
917 1869 1012 1922 samu-l

51 1941 160 1992 lendum
183 1941 310 2007 putarint.
349 1941 391 1992 Sic
410 1940 521 1990 ommam
541 1939 658 1990 orrlinam
677 1939 762 2004 partis
784 1940 812 1990 in
833 1933 1012 2000 misericordia

53 2009 213 2072 constitisse5
231 2010 298 2075 ipsos
313 2009 396 2061 Duces
418 2025 435 2060 a
451 2024 518 2074 poce
534 2007 709 2071 munuae,
727 2023 769 2058 eos
787 2024 869 2074 nsque
884 1998 1014 2075 conloquii

51 2095 138 2148 neque
150 2079 314 2130 induciarum
325 2079 384 2130 iura
400 2094 531 2139 servasse,
550 2084 575 2128 et
590 2076 704 2128 homines
719 2076 841 2142 inperitos
856 2085 880 2128 et
888 2093 937 2143 per
949 2093 1011 2131 oan-

53 2149 169 2216 loquium
190 2147 307 2214 deceptos
323 2147 494 2200 crudelissime
513 2146 680 2211 interfecisse.
713 2146 947 2213 desiderabantur
959 2147 1015 2210 lin,

53 2217 123 2285 quod
143 2217 293 2284 plerumque
315 2214 457 2270 bominibus
481 2215 562 2266 nimia
582 2215 729 2282 pertinacia
750 2222 828 2282 atque
847 2216 1011 2284 adrogantia

54 2287 282 2354 mulierculam,
301 2287 340 2336 uti
355 2303 384 2336 eo
395 2291 544 2347 recurrant,
562 2293 588 2336 et
600 2285 802 2351 limpidissime
816 2293 932 2352 petant,
941 2285 1012 2352 quod

51 2356 144 2424 paullo
161 2362 223 2405 ante
238 2355 423 2408 contemserint.
449 2354 540 2420 Neque
553 2371 620 2406 nune
634 2369 661 2406 ss
674 2355 775 2407 illorum
786 2354 947 2418 hnmilitate,
964 2370 1011 2413 na-

54 2441 104 2494 que
125 2425 216 2490 nuqua
236 2424 357 2490 temporis
375 2425 564 2490 obportunitate
577 2424 725 2490 pululare,
747 2423 837 2490 quibus
856 2425 931 2478 rebus
950 2439 1016 2489 opes

55 2500 208 2562 augeantur
226 2509 306 2554 euaer
322 2493 369 2544 sed
387 2509 428 2543 sos
451 2493 592 2554 caunites,
608 2509 670 2559 quos
689 2500 779 2546 canna
796 2509 824 2546 se
842 2495 934 2549 nultos
955 2494 1014 2546 iant

56 2579 140 2614 annos
158 2563 285 2626 uiuerint,
304 2563 370 2612 uelle
390 2561 494 2612 dimitti.
529 2561 620 2628 lb‘eqae
640 2562 707 2612 enim
718 2578 763 2614 sea
774 2563 889 2629 legiones
904 2561 967 2614 alia
977 2561 1013 2615 ele

56 2648 151 2683 caussa
164 2630 255 2682 missas
267 2632 294 2682 in
308 2632 478 2697 Hispaniam,
493 2632 677 2698 septimamque
689 2630 1013 2697 transcripsimus

55 2709 97 2753 tot
111 2705 250 2767 tantasque
273 2701 360 2750 elassis
373 2707 499 2767 paratas,
516 2717 599 2767 neque
619 2700 753 2750 submissos
770 2701 868 2761 Duces,
886 2700 926 2750 rei
941 2699 1011 2750 mili-

56 2770 124 2822 tnris
134 2769 248 2835 peritos:
266 2769 331 2820 nihil
343 2770 433 2820 horma
445 2769 481 2820 ad
489 2770 625 2835 pacandas
637 2769 793 2836 Hispanias,
811 2768 877 2819 nihil
890 2768 926 2820 ael
936 2784 1011 2820 usum

53 2837 204 2906 provinciae
221 2839 370 2904 provisum,
394 2843 464 2906 quae
479 2843 585 2904 propter
604 2837 801 2890 maternitatem
816 2838 891 2904 pacis
911 2839 1011 2889 nullum

56 2907 186 2959 auxilium
199 2907 373 2968 desidernrhr
389 2909 476 2960 omnia
491 2907 555 2958 haee
571 2907 624 2958 iarn
640 2908 743 2974 pridem
763 2915 853 2958 contra
867 2924 894 2958 se
905 2907 1010 2975 pasuri,

54 2977 86 3028 in
97 2992 125 3026 se
142 2977 203 3026 noui
214 2978 318 3043 generis
329 2978 440 3044 imperia
455 2977 576 3028 constitui
581 3013 589 3036 ,
608 2983 638 3028 ut
659 2977 728 3026 idern
747 2977 784 3031 ari
798 2983 890 3042 portas
904 2975 1011 3027 urbanis

54 3045 194 3114 praesidia
205 3045 293 3108 rebus,
313 3053 339 3096 et
354 3047 419 3097 duas
431 3045 633 3096 bellicosissimas
645 3044 792 3111 provincias
804 3045 895 3096 absens
907 3052 946 3097 tot
961 3063 1012 3095 an-

55 3131 104 3166 nos
116 3113 247 3164 obtineat:
264 3115 292 3164 in
308 3132 334 3166 se
353 3115 412 3166 iura
426 3115 631 3183 magistratuum
648 3114 813 3176 commutari,
830 3131 863 3166 ne
882 3132 912 3165 ea
929 3114 1011 3166 Prae-

56 3191 120 3236 tura
132 3189 157 3234 et
169 3183 323 3244 Consulatu,
343 3191 373 3236 ut
384 3201 499 3251 semper,
516 3183 562 3234 sed
571 3199 621 3249 per
632 3200 730 3249 pausos
740 3183 845 3250 probati
857 3191 882 3235 et
896 3183 970 3235 electi
983 3183 1012 3234 in

55 3251 204 3319 provincias
214 3255 367 3306 mittantur:
378 3255 408 3304 in
418 3270 444 3305 se
458 3253 554 3306 aetatis
567 3253 755 3307 sarmationem
763 3253 831 3306 nihil
838 3249 1013 3320 balue,quotl

57 3321 231 3389 superioribus
247 3323 318 3374 bellis
331 3323 434 3389 psalmi
451 3322 486 3372 ed
505 3321 654 3375 obtinendos
674 3323 799 3374 exereitus
818 3329 969 3374 monentur.-
983 3321 1015 3374 in,

59 3407 87 3442 se
101 3407 153 3444 uno
167 3407 218 3444 noa
232 3393 345 3456 servari,
365 3392 433 3460 quart
450 3392 484 3446 sit
499 3391 615 3443 omuibus
629 3391 722 3447 clatum
735 3387 1013 3460 seneperlmperatori·
