2317 3809
318 177 716 250 navarrea-ae.
935 170 997 234 ιιι

44 317 139 382 dtero,
157 315 317 384 perterritos
327 316 442 384 reliquos
459 316 540 370 facile
553 316 668 384 obprimi
762 332 901 386 raraque
913 316 1000 370 felici·

44 385 96 438 ntis
109 404 174 438 esse
189 386 376 450 arbitrabatur,
388 385 519 438 neminem
534 404 566 438 ex
577 388 657 439 caede
669 404 700 438 re
712 386 799 454 agisse
811 386 840 438 in
851 391 945 449 cmtra,
951 384 999 456 qui

42 457 67 505 dc
85 462 204 522 accepta
219 455 370 508 calamitate
389 456 512 508 nuncium
522 453 659 523 «Drappeti
677 457 811 522 anana.
845 453 898 506 Sed
910 454 938 506 in
954 471 999 506 er·

41 525 170 590 pariundo
186 542 270 592 quum
283 523 429 590 pericnlum
438 526 539 576 nullum
551 525 659 588 videret,
668 524 814 591 equitatum
821 539 924 576 omnem
933 525 1000 576 (im-

41 611 189 660 manesque
199 592 305 660 pedites,
318 611 437 646 summae
450 594 597 646 velocitatis
603 594 732 656 hommes,
743 595 777 644 nd
789 603 875 646 castra
884 592 1001 646 lucretium

41 662 202 726 praemittit:
219 662 275 728 ipse
288 663 421 730 legionem
430 680 508 714 rvnnru
519 662 546 714 in
561 663 731 724 trinacastra
744 661 884 723 distribuit,
890 656 1001 714 alteruni

41 749 127 782 secum
139 732 297 798 expeditam
308 732 388 783 ducit
422 731 511 797 Quum
523 731 631 799 propius
643 731 727 784 hmtis
738 731 896 793 accmsisset3
911 732 946 782 ab
955 747 1001 782 er·

41 800 237 866 muratoribus,
254 817 318 870 qnos
329 799 515 867 praemiserat,
528 800 669 870 cognoscit,
685 807 772 852 eastra
782 817 884 861 ecorum,
900 807 930 852 ut
940 801 1001 852 bar·

43 871 171 920 berorum
186 871 237 922 fert
251 871 424 934 consuetude,
437 869 536 922 relictis
546 870 612 922 locis
623 869 808 936 superioribus,
821 871 854 921 ad
865 867 936 934 ripae
950 867 1000 920 flu-

43 937 116 988 minis
131 955 196 992 esse
205 937 332 990 demissa:
349 945 376 990 at
391 939 537 992 Germanos
549 939 700 1005 equitesque
709 937 907 1005 inprudentibus
916 935 1002 988 omni·

44 1008 88 1056 bus
100 1006 135 1056 de
156 1007 292 1074 inproviso
306 1007 442 1060 advolasse
455 1014 478 1060 et
498 1009 628 1074 proelium
642 1008 810 1060 commisisse
843 1007 904 1072 Qua
914 1023 944 1057 re
956 1021 1002 1058 eo·

42 1075 130 1142 gnita,
149 1075 286 1146 legionem
307 1084 437 1130 armatam
456 1077 661 1143 instnrctamqne
681 1077 794 1130 adducit.
827 1076 881 1138 lta,
896 1082 1003 1142 repente

45 1143 167 1197 omnibus
181 1160 215 1199 aa
227 1144 345 1212 partibus
360 1145 435 1214 sigan
449 1147 523 1209 dato,
540 1147 601 1198 loca
612 1146 747 1212 superiora
757 1145 903 1212 caplnnrtur.
924 1144 1004 1209 Quot
1061 1148 1065 1158 ’

46 1213 86 1264 nbi
100 1213 215 1278 accidit,
234 1214 360 1279 Germani
367 1211 529 1281 equitesque,
546 1215 629 1282 signis
642 1215 754 1281 legionis
765 1214 845 1276 visis,
861 1214 1002 1294 relampan-

45 1281 144 1332 tissime
161 1283 341 1350 proeliantur:
353 1284 489 1336 confestim
503 1285 624 1337 cohortes
641 1283 755 1350 undique
765 1284 883 1351 inpetum
895 1284 1003 1344 iaciunt,

47 1351 220 1436 cruribusque
234 1351 280 1404 aut
291 1351 433 1433 interiectis
442 1371 457 1414 ‚i
465 1359 510 1404 aut
523 1353 621 1422 captis,
636 1369 734 1423 magau
745 1353 842 1454 prpotla
853 1351 1001 1419 pvfimtun

47 1422 532 1552 mprtrssrpurpcspnppipsrpeflppclgpppesie
550 1495 641 1560 gesta,
665 1489 722 1542 eine
738 1491 794 1544 ullo
810 1507 893 1560 paene
909 1487 1003 1546 militia
1097 1517 1110 1540 ι

49 1555 174 1622 taleme,
191 1559 226 1610 ad
244 1557 396 1617 obsidendes
414 1559 556 1627 oppidanos
576 1559 729 1621 revertitnr;
752 1568 909 1625 externoque
927 1558 1004 1610 hosta

49 1625 145 1692 deleto,
164 1627 240 1679 cuius
252 1617 347 1680 timore
359 1634 435 1681 antea
446 1645 544 1696 augere
557 1629 688 1694 praesidia
699 1636 725 1678 et
738 1628 882 1684 munitione
894 1627 1003 1693 oppida-

49 1695 486 1764 noscireumdareprohibitusarnt
495 1715 573 1764 opera
581 1697 695 1763 undiquc
701 1694 1003 1763 imparatndurinietruri.

51 1762 123 1815 Venit
137 1767 233 1817 eodem
244 1782 304 1816 cum
317 1765 370 1817 suis
383 1766 466 1838 copiis¹
478 1777 581 1834 postero
596 1767 639 1818 die
651 1767 680 1817 G.
689 1764 788 1818 Fabius
795 1771 950 1832 partemque
955 1781 1003 1832 op-

49 1831 102 1897 pidi
117 1835 202 1888 eaurit
215 1835 248 1886 ad
261 1833 438 1889 obsidendum
1051 1861 1053 1870 ·

115 1899 162 1956 88.
181 1903 278 1954 Caesar
288 1903 392 1967 interior
398 1906 437 1958 Μ.
447 1902 588 1958 Διιῐωιὶιιιιι
595 1905 768 1970 Quaesturam
781 1918 843 1953 cum
854 1900 1006 1957 robertum

54 1969 97 2022 XV
109 1972 294 2026 inBellovacis
309 1973 422 2043 reliquit,
435 1973 468 2026 n'e
481 1989 533 2038 qna
548 1989 640 2025 rursus
653 1987 782 2024 novorum
792 1969 962 2023 consiliorum
971 1970 1006 2020 nd

54 2041 208 2106 capiendum
218 2042 318 2094 bellum
334 2043 447 2094 facultas
465 2043 590 2094 dareturc
606 2040 663 2106 ipse
677 2037 798 2105 ‘reliquae
811 2037 1007 2100 eivitateaadit

56 2109 155 2164 obsides
168 2111 256 2181 plures
268 2110 388 2176 inperat,
406 2112 525 2164 timentes
539 2109 659 2162 omnium
667 2108 767 2160 animos
779 2107 954 2160 aemulatione
963 2124 1006 2160 aa·
1110 2139 1112 2143 -

56 2187 104 2230 nal·
140 2181 233 2246 Quum
246 2179 275 2231 in
289 2181 414 2234 canoros
430 2180 559 2244 venisset,
576 2194 689 2246 qaorum
709 2177 839 2244 [consilio]
859 2176 1006 2230 incivitate

55 2249 186 2314 superiore
198 2249 386 2312 commentario
403 2250 499 2302 Cacsar
516 2248 635 2316 exposuit
646 2247 750 2300 initium
762 2247 828 2309 belli
838 2263 896 2299 esse
909 2253 1006 2308 ortana

57 2319 120 2380 quod
131 2317 273 2385 praecipue
280 2335 325 2369 eos
336 2324 440 2386 propter
454 2318 639 2371 conscientiam
651 2316 715 2372 acti
725 2316 819 2369 timere
829 2315 949 2369 animum
959 2315 1007 2368 ad-

56 2388 186 2450 vertebat,
203 2403 255 2454 quo
266 2387 375 2452 celerius
385 2387 516 2440 civitatem
529 2393 601 2441 metu
613 2387 752 2449 liberaret,
768 2384 914 2452 principem
925 2384 1008 2437 scele-

57 2453 172 2508 risillius
187 2463 212 2508 ct
222 2455 408 2511 concitatorem
421 2457 495 2519 belli,
513 2457 684 2517 anteactum,
699 2455 735 2508 ad
752 2454 911 2520 subplicium
927 2454 1008 2518 depo-
1098 2459 1109 2472 '

59 2523 112 2576 scit:
131 2524 194 2591 qui,
212 2525 261 2576 etsi
276 2541 309 2576 ne
320 2525 420 2586 civibus
433 2525 538 2591 quidem
549 2525 603 2577 ruis
618 2542 647 2576 se
660 2524 849 2585 committebat,
865 2520 953 2575 tarbeu
965 2537 1008 2574 ee-

58 2589 158 2656 leriter,
174 2594 292 2646 onmium
305 2611 370 2646 cura
384 2594 527 2661 quaesitus,
544 2593 572 2649 in
584 2600 670 2646 eastra
684 2592 841 2660 perducitur.
859 2590 1008 2658 Cogitatio

60 2660 107 2716 cius
118 2663 278 2728 subplicium
293 2664 389 2716 Caesar
409 2669 500 2719 contra
517 2670 639 2717 naturam
654 2677 747 2724 snam,
764 2660 882 2718 maximo
893 2659 1008 2712 militum

59 2744 196 2795 concursu,
211 2731 263 2799 'qui¹
276 2732 309 2788 ei,
322 2732 409 2786 onmia
426 2732 543 2799 pericula
557 2738 583 2784 et
597 2731 757 2787 detrimenta
765 2729 851 2792 belli,⁴
863 2743 880 2780 a
892 2729 1008 2784 Gatrua-

60 2804 83 2850 to
99 2810 223 2919 accepta,
246 2802 408 2866 referebant,
420 2801 501 2859 *adeo
514 2807 545 2855 ut
558 2801 709 2855 verberibus
725 2799 902 2853 exanimatum
913 2814 1007 2866 corpur
1035 2817 1042 2835 r

60 2869 139 2922 securi
168 2869 286 2922 oriretur.

90 2940 92 2950 ’
121 2937 167 2990 39,
184 2933 225 2991 lbi
240 2937 339 2998 crebris
357 2939 451 2992 litteris
464 2939 567 2994 Caninii
580 2939 611 2991 lit
623 2937 734 3001 certior,
750 2953 819 3004 quae
833 2939 868 2991 de
877 2938 1008 3006 ”W

60 3008 83 3056 et
91 3007 215 3068 Lucterio
226 3014 302 3076 gesta
312 3016 405 3074 eareat,
415 3026 517 3077 qaoque
529 3009 556 3062 iu
568 3007 677 3069 consilio
688 3014 869 3074 manerent
876 3008 1006 3076 oppidani.

62 3072 176 3139 Quorum
191 3079 239 3130 etsi
253 3077 412 3143 paucitatem
427 3079 617 3140 centeumebat,
628 3083 715 3128 trmren
726 3077 896 3142 pertinaciam
910 3093 1009 3146 magua

62 3159 140 3208 pecua
158 3163 213 3206 esse
232 3146 403 3206 adliciendum
424 3147 570 3208 iudicabat3
589 3163 622 3198 ne
637 3145 760 3198 anniversa
774 3146 878 3208 Gallie.
896 3163 948 3198 non
963 3147 1008 3198 de-

62 3211 137 3266 laissa
146 3215 215 3266 vires
225 3215 276 3268 sibi
287 3217 321 3270 ad
334 3216 505 3271 resistendum
514 3214 654 3280 Romanis,
671 3217 718 3269 sed
731 3216 916 3279 commaticam,
932 3222 1009 3282 putr-

64 3290 111 3347 ret3
128 3300 194 3336 neve
206 3285 258 3336 hoc
271 3286 390 3352 exemplo
412 3293 513 3348 ceterae
531 3284 662 3348 civitates,
678 3286 797 3338 locorum
818 3284 1010 3352 obportunitate

64 3349 149 3420 lma
160 3366 190 3409 ⁸⁰
199 3353 363 3418 vindicarent
371 3354 400 3410 iu
412 3355 574 3435 libertate-e:
591 3369 673 3430 qaum
684 3354 805 3429 υιιμίῦω
819 3354 906 3409 autu
917 3358 1009 3406 nuru

963 3684 1112 3756 A
