2317 3809
173 212 235 282 180
460 225 514 278 aa
532 223 678 277 nanno
695 223 830 276 crvrm

168 363 256 432 liques
275 377 369 425 naver,
387 377 494 426 cursam
514 359 662 414 Massiliam
679 354 771 414 rusus
788 360 908 428 perticit3
930 362 1132 430 praemissaque

85 483 88 504 ,
169 436 241 486 clam
261 433 397 496 navicula,
420 431 567 484 Domitium
587 430 814 498 Massiliensesque
830 429 865 482 de
883 448 931 483 suo
945 433 1130 485 adventaret-

169 503 251 556 tiores
269 502 333 553 iacit
353 518 449 568 eosque
470 514 630 569 magnopere
645 502 779 564 hortatur,
804 506 834 552 at
854 516 945 554 rursus
967 516 1027 555 cum
1051 503 1129 556 Bruti

168 566 268 634 classe,
287 570 380 622 additis
394 570 447 622 suis
460 570 582 633 auxiliis,
601 570 751 638 confligant.

195 663 202 674 Η
237 637 263 691 4.
281 639 468 702 Massilienses,
479 639 665 706 postsnpcrias
674 637 991 698 incommodumrvetcres
1005 641 1041 691 ad
1054 657 1125 692 eum-

170 710 241 760 dem·
252 725 390 760 numerum
410 726 441 760 ex
457 708 597 760 natalibus
608 709 747 776 productas
758 724 838 759 nares
849 709 995 759 reiecerunt
1009 726 1125 760 rumma-

170 777 363 846 q'uc'iudnstria
381 783 562 840 armaverant,
581 774 733 846 (remigum
748 779 1005 845 gubernatorumque
1026 793 1124 845 magna

171 847 247 914 capia
260 848 428 914 subpetebat)
437 846 643 914 piscatoriasque
651 848 798 898 adiecerant
807 850 885 910 atque
898 852 1081 909 contexerant,
1099 851 1124 896 ut

170 923 255 969 essent
268 918 302 968 ab
316 917 368 968 ictu
382 918 494 968 telorum
510 915 625 984 remiges
638 916 701 967 tuti:
717 916 765 966 bas
780 914 925 982 sagittariis
937 916 1124 981 tormentisque

170 987 372 1053 compleverunt.
389 984 450 1036 Tali
461 985 677 1038 modotnstrneto
683 985 775 1046 uase,
789 983 907 1034 omnium
917 983 1061 1048 seniorum,
1070 1001 1122 1035 ma-

170 1062 242 1116 trum
254 1054 384 1118 familiae,
404 1047 541 1124 ‘uirginum
555 1054 676 1129 precibus
689 1060 714 1106 et
727 1054 791 1104 fletu
805 1052 922 1116 excitati,
943 1052 993 1120 [ut]
1008 1061 1123 1106 extremo

171 1129 289 1191 tempbre
300 1121 401 1175 civitati
410 1124 592 1188 subvenirent,
600 1140 651 1175 non
664 1123 765 1174 minore
776 1121 865 1173 animo
873 1137 905 1172 ac
915 1121 1031 1185 tidaciu,
1047 1138 1124 1190 quam

171 1199 232 1246 ante
243 1193 454 1258 dimicaverant,-
464 1203 546 1245 nares
565 1193 745 1246 conscendunt.
780 1189 918 1243 communi
932 1190 1003 1241 euim
1016 1192 1049 1244 fit
1061 1191 1137 1254 uitia

170 1267 289 1326 naturae,
300 1269 329 1314 nt
339 1263 438 1326 invisis,
446 1263 609 1326 latitantibus
620 1263 699 1328 atque
708 1259 848 1328 incognitis
858 1261 936 1310 rebus
944 1259 1034 1328 magis
1046 1260 1122 1312 conti-

170 1331 264 1401 damus
277 1331 505 1397 vehementiusque
520 1339 709 1384 eiterreamure
733 1336 764 1380 ut
783 1335 840 1380 tum
854 1327 956 1383 accidit.
991 1330 1122 1381 Adventus

171 1398 242 1450 enim
257 1400 286 1450 L.
302 1399 402 1452 Nasidii
419 1415 523 1452 summa
538 1406 623 1466 spect
636 1402 770 1451 volontate
788 1398 921 1449 civitatem
940 1399 1119 1464 compleuerat.

170 1467 248 1520 Nacti
261 1468 384 1520 idoneam
400 1475 521 1532 ventum,
540 1484 571 1520 ex
584 1474 662 1534 portu
674 1472 767 1520 exeunt
780 1473 807 1518 ct
818 1467 982 1528 Tauraenta,
1002 1467 1073 1533 quod
1086 1470 1121 1516 est

171 1537 307 1588 castelium
323 1536 543 1598 Massiliensium,
562 1539 595 1589 ad
609 1537 745 1589 Nasidium
757 1536 923 1602 perveniunt,
941 1534 1034 1600 ibique
1046 1549 1121 1586 nares

171 1606 318 1670 expediunt,
327 1609 468 1673 rursusque
476 1623 504 1658 se
517 1607 550 1658 ad
559 1607 752 1676 confligendum
759 1605 847 1656 animo
857 1604 1012 1656 confirmant
1024 1610 1051 1656 et
1062 1619 1119 1655 cou-

125 1709 130 1730 ι
170 1675 232 1727 eilia
247 1675 445 1740 communicant.
479 1677 577 1730 Dextra
591 1691 653 1744 pars
667 1673 874 1728 Massiliensibus
895 1673 1071 1738 attribuitur,
1087 1671 1119 1724 si-

171 1744 254 1796 nistra
263 1745 379 1797 Nasidio.
530 1769 533 1774 ·

240 1811 265 1866 b.
282 1815 381 1866 Eodem
398 1813 495 1867 Brutus
512 1814 657 1877 c'dntendit,
682 1817 759 1866 aucto
774 1812 882 1865 namma
902 1827 1022 1864 numero.
1057 1809 1117 1863 neo

171 1882 276 1947 adeas,
295 1889 363 1951 qdae
376 1883 463 1935 tactae
476 1890 550 1935 eram
563 1883 729 1950 Arelate‘per
741 1884 896 1943 Caesarem
913 1882 1036 1948 captivae
1052 1881 1117 1933 Mas·

76 1991 81 1998 .
169 1951 313 2004 siliensiam
325 1955 488 2014 accesserant
502 1966 553 2004 sex.
588 1954 645 2006 Has
655 1951 831 2018 superioribus
843 1952 971 2004 reiecerat
983 1950 1116 2003 diebasat-

171 2021 352 2087 quc'amnibus
362 2023 440 2073 rebus
450 2021 624 2073 instruxerat·
647 2022 738 2088 ltaque
751 2036 811 2072 suos
820 2021 988 2083 cohortatus,
1007 2037 1073 2086 quos
1082 2018 1116 2068 iu-

170 2093 260 2158 tegros
271 2089 476 2156 superavissent,
490 2098 525 2152 ,ut
540 2091 624 2142 victos
638 2095 845 2153 contemnerent,
862 2090 955 2156 plenus
969 2090 1027 2156 spei
1040 2090 1117 2139 bonae

171 2161 249 2231 atque
258 2159 343 2210 animi
354 2161 477 2210 addersus
490 2176 533 2210 eos
541 2160 723 2226 proficiscitur.
757 2159 848 2212 Facile
859 2164 924 2219 emt,
942 2175 974 2209 ex
987 2158 1079 2210 castris
1090 2154 1115 2204 (l

170 2227 296 2279 Ttebonii
316 2231 396 2294 atque
413 2225 532 2279 omnibus
547 2228 725 2296 superioribus
741 2228 806 2280 locis
819 2227 968 2296 prospicere
979 2227 1007 2278 in
1020 2228 1115 2284 mecm,

171 2301 200 2348 at
215 2297 297 2346 omnis
310 2295 442 2360 iuventtis,
460 2297 564 2364 quaein
579 2298 674 2364 oppido
686 2302 861 2361 remanserat,
886 2311 1029 2362 omnesque
1048 2309 1115 2358 sape

170 2365 249 2417 rioris
266 2363 371 2428 aetatis,
390 2380 450 2416 cum
471 2366 561 2431 liberis
580 2373 657 2433 atque
674 2367 799 2418 uxoribus
814 2365 977 2434 publicisque
988 2360 1114 2421 custodiis,

94 2461 105 2486 r
171 2439 217 2488 tut
233 2449 356 2485 enmuro
371 2434 404 2484 ad
420 2436 520 2486 coelum
543 2451 636 2487 manus
652 2432 801 2498 tenderent,
829 2441 876 2486 aut
891 2435 991 2500 templa
1004 2435 1114 2485 Deorum

171 2504 350 2556 inmortalium
362 2502 463 2554 adirent
474 2507 508 2568 ct,
520 2511 580 2555 ante
590 2504 732 2556 simulacra
745 2503 860 2570 proiecti,
868 2502 1009 2555 victoriam
1022 2496 1114 2553 abiliis

172 2578 351 2639 exposcerent:
370 2589 452 2638 neque
465 2581 523 2624 erat
536 2573 674 2640 quisquam
683 2575 810 2639 omnium,
822 2573 884 2640 quin
899 2571 926 2623 in
936 2570 1113 2623 eiusdieicaar

171 2659 278 2694 auerrun
292 2639 410 2694 omnium
424 2643 587 2694 fortunarum
595 2649 714 2694 eventum
723 2643 863 2694 consistere
869 2640 1037 2693 existimaret.
1054 2637 1113 2690 nom

172 2717 199 2762 ct
208 2711 312 2764 honesti
322 2727 355 2762 ex
364 2710 512 2774 iuventute,
531 2716 557 2762 et
571 2712 695 2778 cuiusque
707 2711 799 2764 aetatis
813 2709 984 2778 amplissimi,
1001 2706 1113 2760 nomina·

172 2779 221 2842 tien
241 2781 341 2832 evocati
363 2787 442 2846 atque
459 2777 612 2843 obsecrati,
629 2797 709 2831 naves
728 2781 941 2841 conscenderant3
958 2784 1002 2840 ut,
1023 2777 1047 2829 si
1059 2770 1111 2852 quil

172 2849 275 2900 adversi
289 2848 438 2911 accidisset,
456 2865 489 2899 nc
500 2849 691 2900 ad'conandum
702 2849 806 2917 quidem
826 2848 877 2900 sibi
897 2848 1041 2914 quidquam
1056 2843 1111 2896 reh-

124 2925 127 2930 ·
173 2915 219 2982 qui
237 2917 294 2968 iore
310 2918 444 2979 ¹viderent3
460 2917 483 2968 si
502 2916 708 2983 superavissent,
726 2920 769 2969 vel
787 2917 934 2971 domesticis
951 2915 1059 2984 opibus,
1074 2907 1111 2960 ἴθι

173 2986 285 3048 externis
295 2985 413 3050 auxiliis,
431 2986 464 3036 de
478 2986 560 3038 saluto
575 2987 649 3051 urbis
661 2987 825 3040 confiderent.

179 3056 228 3118 Ψ
242 3053 268 3105 a.
287 3056 431 3106 Commisso
443 3054 558 3122 proelio,
576 3055 784 3108 Massiliensibittt
801 3073 844 3108 res
857 3055 931 3119 nulla
947 3053 981 3116 ad
995 3054 1109 3108 vautra

174 3122 271 3189 detuit:
289 3125 334 3174 sed
341 3135 472 3174 memores
487 3138 577 3176 eorum
588 3127 799 3192 praeceptorum,
819 3139 886 3191 qaue
899 3125 990 3192 paullo
1008 3129 1064 3175 ante
1080 3115 1108 3169 ob

173 3193 232 3247 saia·
246 3195 414 3258 acceperant,
431 3193 484 3244 boc
506 3193 595 3246 aninio
610 3194 787 3258 decertabant,
806 3202 836 3246 ut
849 3194 952 3252 nullam
969 3193 1041 3245 aliud
1052 3196 1107 3241 tem·

122 3265 125 3272 ’
172 3261 220 3331 ρὐε
233 3262 267 3314 ad
279 3262 424 3312 conandum
437 3261 554 3316 habitari
563 3262 731 3328 namnum,
748 3269 789 3327 et,
807 3262 901 3328 quibus
912 3262 939 3313 in
950 3270 1039 3329 poemat
1049 3257 1108 3307 vimi

172 3331 323 3401 periculum
336 3329 479 3401 accideret,
502 3346 555 3383 nan
572 3332 611 3385 ita
627 3332 711 3385 multo
722 3345 763 3384 “se
786 3331 947 3401 reliquomm
967 3330 1063 3382 civium
1075 3324 1107 3374 la·

172 3400 409 3456 tum'autecedere·
423 3398 612 3466 mutauerant,
634 3401 743 3470 quibus,
765 3401 832 3455 urbe
857 3407 943 3470 capta,
967 3400 1057 3452 adem
1074 3405 1107 3442 a*
