<?xml version="1.0" encoding="UTF-8"?>
<!DOCTYPE html PUBLIC "-//W3C//DTD XHTML 1.0 Transitional//EN"
    "http://www.w3.org/TR/xhtml1/DTD/xhtml1-transitional.dtd">
<html xmlns="http://www.w3.org/1999/xhtml" xml:lang="en" lang="en">
 <head>
  <title>
</title>
<meta http-equiv="Content-Type" content="text/html;charset=utf-8" />
  <meta name='ocr-system' content='tesseract 3.04.00' />
  <meta name='ocr-capabilities' content='ocr_page ocr_carea ocr_par ocr_line ocrx_word'/>
</head>
<body>
  <div class='ocr_page' id='page_1' title='image "./cjuliicaesarisc04caesgoog_0303.png"; bbox 0 0 2317 3809; ppageno 0'>
   <div class='ocr_carea' id='block_1_1' title="bbox 322 212 1021 323">
    <p class='ocr_par' dir='ltr' id='par_1_1' title="bbox 322 212 1021 323">
     <span class='ocr_line' id='line_1_1' title="bbox 322 212 1021 323; baseline -0.001 -15"><span class='ocrx_word' id='word_1_1' title='bbox 322 212 403 308; x_wconf 77' lang='lat' dir='ltr'><strong><em>arn.</em></strong></span> <span class='ocrx_word' id='word_1_2' title='bbox 422 251 652 323; x_wconf 38' lang='lat' dir='ltr'><strong><em>cnam-,aa</em></strong></span> <span class='ocrx_word' id='word_1_3' title='bbox 956 245 1021 309; x_wconf 77' lang='lat'><strong><em>283</em></strong></span> 
     </span>
    </p>
   </div>
   <div class='ocr_carea' id='block_1_2' title="bbox 8 386 1089 3504">
    <p class='ocr_par' dir='ltr' id='par_1_2' title="bbox 8 386 1089 3504">
     <span class='ocr_line' id='line_1_2' title="bbox 8 386 1023 468; baseline 0.006 -29"><span class='ocrx_word' id='word_1_4' title='bbox 8 445 10 468; x_wconf 82' lang='lat'><strong><em>,</em></strong></span> <span class='ocrx_word' id='word_1_5' title='bbox 67 386 189 454; x_wconf 72' lang='lat' dir='ltr'><strong><em>punienti,</em></strong></span> <span class='ocrx_word' id='word_1_6' title='bbox 206 403 237 440; x_wconf 81' lang='lat' dir='ltr'><strong><em>ex</em></strong></span> <span class='ocrx_word' id='word_1_7' title='bbox 251 387 371 443; x_wconf 85' lang='lat' dir='ltr'><strong><em>Gaetulis</em></strong></span> <span class='ocrx_word' id='word_1_8' title='bbox 385 392 459 456; x_wconf 87' lang='lat' dir='ltr'><strong><em>duos,</em></strong></span> <span class='ocrx_word' id='word_1_9' title='bbox 473 409 538 459; x_wconf 87' lang='lat' dir='ltr'><strong><em>qnos</em></strong></span> <span class='ocrx_word' id='word_1_10' title='bbox 550 391 747 445; x_wconf 72' lang='lat' dir='ltr'><strong>arbitrabantur</strong></span> <span class='ocrx_word' id='word_1_11' title='bbox 759 391 813 443; x_wconf 74' lang='lat' dir='ltr'><strong><em>aab</em></strong></span> <span class='ocrx_word' id='word_1_12' title='bbox 826 391 904 443; x_wconf 80' lang='lat' dir='ltr'><strong><em>rebus</em></strong></span> <span class='ocrx_word' id='word_1_13' title='bbox 917 390 1023 445; x_wconf 84' lang='lat' dir='ltr'><strong><em>amicir·</em></strong></span> 
     </span>
     <span class='ocr_line' id='line_1_3' title="bbox 8 459 1023 530; baseline 0.005 -22"><span class='ocrx_word' id='word_1_14' title='bbox 8 471 10 484; x_wconf 82' lang='grc'><strong><em>’</em></strong></span> <span class='ocrx_word' id='word_1_15' title='bbox 67 459 165 522; x_wconf 81' lang='lat' dir='ltr'><strong><em>simos,</em></strong></span> <span class='ocrx_word' id='word_1_16' title='bbox 182 459 287 526; x_wconf 79' lang='lat' dir='ltr'><strong><em>magnis</em></strong></span> <span class='ocrx_word' id='word_1_17' title='bbox 298 461 422 528; x_wconf 79' lang='lat' dir='ltr'><strong><em>praemiis</em></strong></span> <span class='ocrx_word' id='word_1_18' title='bbox 434 461 718 529; x_wconf 77' lang='lat' dir='ltr'><strong>pollicitationibusque</strong></span> <span class='ocrx_word' id='word_1_19' title='bbox 734 461 886 528; x_wconf 86' lang='lat' dir='ltr'><strong><em>propositis,</em></strong></span> <span class='ocrx_word' id='word_1_20' title='bbox 903 479 951 529; x_wconf 89' lang='lat' dir='ltr'><strong><em>pro</em></strong></span> <span class='ocrx_word' id='word_1_21' title='bbox 963 479 1023 530; x_wconf 89' lang='lat' dir='ltr'><strong><em>per·</em></strong></span> 
     </span>
     <span class='ocr_line' id='line_1_4' title="bbox 65 527 1022 597; baseline 0.003 -17"><span class='ocrx_word' id='word_1_22' title='bbox 65 527 140 596; x_wconf 77' lang='lat' dir='ltr'><strong><em>iugis</em></strong></span> <span class='ocrx_word' id='word_1_23' title='bbox 151 529 304 594; x_wconf 87' lang='lat' dir='ltr'><strong><em>speculandi</em></strong></span> <span class='ocrx_word' id='word_1_24' title='bbox 318 531 405 597; x_wconf 86' lang='lat' dir='ltr'><strong><em>gratia</em></strong></span> <span class='ocrx_word' id='word_1_25' title='bbox 418 531 445 582; x_wconf 91' lang='lat' dir='ltr'><strong><em>in</em></strong></span> <span class='ocrx_word' id='word_1_26' title='bbox 462 531 581 583; x_wconf 84' lang='lat' dir='ltr'><strong><em>(laeseris</em></strong></span> <span class='ocrx_word' id='word_1_27' title='bbox 589 537 681 583; x_wconf 73' lang='lat' dir='ltr'><strong><em>cantra</em></strong></span> <span class='ocrx_word' id='word_1_28' title='bbox 694 530 807 582; x_wconf 76' lang='lat' dir='ltr'><strong><em>minant,</em></strong></span> <span class='ocrx_word' id='word_1_29' title='bbox 830 531 884 596; x_wconf 77' lang='lat' dir='ltr'><strong><em>Qui</em></strong></span> <span class='ocrx_word' id='word_1_30' title='bbox 895 530 975 582; x_wconf 88' lang='lat' dir='ltr'><strong><em>simul</em></strong></span> <span class='ocrx_word' id='word_1_31' title='bbox 987 531 1022 583; x_wconf 83' lang='lat' dir='ltr'><strong><em>ad</em></strong></span> 
     </span>
     <span class='ocr_line' id='line_1_5' title="bbox 56 598 1024 666; baseline 0.002 -16"><span class='ocrx_word' id='word_1_32' title='bbox 56 614 130 650; x_wconf 62' lang='lat' dir='ltr'><strong><em>¹euru</em></strong></span> <span class='ocrx_word' id='word_1_33' title='bbox 149 603 210 647; x_wconf 86' lang='lat' dir='ltr'><strong><em>sunt</em></strong></span> <span class='ocrx_word' id='word_1_34' title='bbox 231 598 350 662; x_wconf 86' lang='lat' dir='ltr'><strong><em>deducti,</em></strong></span> <span class='ocrx_word' id='word_1_35' title='bbox 367 600 508 666; x_wconf 86' lang='lat' dir='ltr'><strong><em>petierunt,</em></strong></span> <span class='ocrx_word' id='word_1_36' title='bbox 528 607 556 652; x_wconf 87' lang='lat' dir='ltr'><strong><em>ut</em></strong></span> <span class='ocrx_word' id='word_1_37' title='bbox 571 599 622 651; x_wconf 90' lang='lat' dir='ltr'><strong><em>sibi</em></strong></span> <span class='ocrx_word' id='word_1_38' title='bbox 638 599 728 651; x_wconf 88' lang='lat' dir='ltr'><strong><em>liceret</em></strong></span> <span class='ocrx_word' id='word_1_39' title='bbox 743 599 799 650; x_wconf 90' lang='lat' dir='ltr'><strong><em>sine</em></strong></span> <span class='ocrx_word' id='word_1_40' title='bbox 812 599 929 666; x_wconf 88' lang='lat' dir='ltr'><strong><em>periculo</em></strong></span> <span class='ocrx_word' id='word_1_41' title='bbox 941 601 1024 652; x_wconf 84' lang='lat' dir='ltr'><strong><em>verba</em></strong></span> 
     </span>
     <span class='ocr_line' id='line_1_6' title="bbox 65 665 1021 737; baseline 0.004 -22"><span class='ocrx_word' id='word_1_42' title='bbox 65 665 198 733; x_wconf 88' lang='lat' dir='ltr'><strong><em>proloqui.</em></strong></span> <span class='ocrx_word' id='word_1_43' title='bbox 227 668 359 720; x_wconf 87' lang='lat' dir='ltr'><strong><em>Potestate</em></strong></span> <span class='ocrx_word' id='word_1_44' title='bbox 379 669 464 734; x_wconf 85' lang='lat' dir='ltr'><strong><em>iacta,</em></strong></span> <span class='ocrx_word' id='word_1_45' title='bbox 488 673 694 737; x_wconf 82' lang='lat' dir='ltr'><strong><em>Saepenumero,</em></strong></span> <span class='ocrx_word' id='word_1_46' title='bbox 718 668 851 735; x_wconf 89' lang='lat' dir='ltr'><strong><em>inquiunt,</em></strong></span> <span class='ocrx_word' id='word_1_47' title='bbox 869 669 1021 735; x_wconf 72' lang='lat' dir='ltr'><strong><em>Imperator,</em></strong></span> 
     </span>
     <span class='ocr_line' id='line_1_7' title="bbox 66 737 1022 806; baseline 0.002 -20"><span class='ocrx_word' id='word_1_48' title='bbox 66 737 211 802; x_wconf 70' lang='lat' dir='ltr'><strong><em>complures</em></strong></span> <span class='ocrx_word' id='word_1_49' title='bbox 228 737 346 800; x_wconf 86' lang='lat' dir='ltr'><strong><em>Gaetuli,</em></strong></span> <span class='ocrx_word' id='word_1_50' title='bbox 372 739 416 806; x_wconf 86' lang='lat' dir='ltr'><strong><em>qui</em></strong></span> <span class='ocrx_word' id='word_1_51' title='bbox 434 756 521 790; x_wconf 83' lang='lat' dir='ltr'><strong><em>sumus</em></strong></span> <span class='ocrx_word' id='word_1_52' title='bbox 539 740 644 790; x_wconf 84' lang='lat' dir='ltr'><strong><em>clientes</em></strong></span> <span class='ocrx_word' id='word_1_53' title='bbox 661 740 689 790; x_wconf 83' lang='lat' dir='ltr'><strong><em>C.</em></strong></span> <span class='ocrx_word' id='word_1_54' title='bbox 706 739 789 789; x_wconf 84' lang='lat' dir='ltr'><strong><em>Marii</em></strong></span> <span class='ocrx_word' id='word_1_55' title='bbox 801 746 828 790; x_wconf 86' lang='lat' dir='ltr'><strong><em>et</em></strong></span> <span class='ocrx_word' id='word_1_56' title='bbox 839 738 1022 805; x_wconf 85' lang='lat' dir='ltr'><strong><em>propemedum</em></strong></span> 
     </span>
     <span class='ocr_line' id='line_1_8' title="bbox 66 804 1022 876; baseline 0.004 -21"><span class='ocrx_word' id='word_1_57' title='bbox 66 821 155 856; x_wconf 83' lang='lat' dir='ltr'><strong><em>omnes</em></strong></span> <span class='ocrx_word' id='word_1_58' title='bbox 172 804 241 856; x_wconf 79' lang='lat' dir='ltr'><strong><em>cives</em></strong></span> <span class='ocrx_word' id='word_1_59' title='bbox 253 806 379 870; x_wconf 82' lang='lat' dir='ltr'><strong><em>Romani,</em></strong></span> <span class='ocrx_word' id='word_1_60' title='bbox 397 809 441 874; x_wconf 85' lang='lat' dir='ltr'><strong><em>qni</em></strong></span> <span class='ocrx_word' id='word_1_61' title='bbox 452 816 512 860; x_wconf 87' lang='lat' dir='ltr'><strong><em>sunt</em></strong></span> <span class='ocrx_word' id='word_1_62' title='bbox 527 809 556 858; x_wconf 84' lang='lat' dir='ltr'><strong><em>in</em></strong></span> <span class='ocrx_word' id='word_1_63' title='bbox 573 809 677 876; x_wconf 84' lang='lat' dir='ltr'><strong><em>legione</em></strong></span> <span class='ocrx_word' id='word_1_64' title='bbox 696 815 792 875; x_wconf 86' lang='lat' dir='ltr'><strong><em>quarta</em></strong></span> <span class='ocrx_word' id='word_1_65' title='bbox 805 815 829 858; x_wconf 90' lang='lat' dir='ltr'><strong><em>et</em></strong></span> <span class='ocrx_word' id='word_1_66' title='bbox 841 815 928 870; x_wconf 70' lang='lat' dir='ltr'><strong><em>semu,</em></strong></span> <span class='ocrx_word' id='word_1_67' title='bbox 947 807 983 857; x_wconf 85' lang='lat' dir='ltr'><strong><em>ad</em></strong></span> <span class='ocrx_word' id='word_1_68' title='bbox 995 814 1022 859; x_wconf 80' lang='lat' dir='ltr'><strong><em>te</em></strong></span> 
     </span>
     <span class='ocr_line' id='line_1_9' title="bbox 65 875 1022 944; baseline 0.004 -21"><span class='ocrx_word' id='word_1_69' title='bbox 65 875 195 924; x_wconf 84' lang='lat' dir='ltr'><strong><em>coluimus</em></strong></span> <span class='ocrx_word' id='word_1_70' title='bbox 206 876 235 925; x_wconf 90' lang='lat' dir='ltr'><strong><em>in</em></strong></span> <span class='ocrx_word' id='word_1_71' title='bbox 247 882 343 942; x_wconf 75' lang='lat' dir='ltr'><strong><em>inopiae</em></strong></span> <span class='ocrx_word' id='word_1_72' title='bbox 350 877 486 942; x_wconf 85' lang='lat' dir='ltr'><strong><em>praesidia</em></strong></span> <span class='ocrx_word' id='word_1_73' title='bbox 497 881 637 944; x_wconf 78' lang='lat' dir='ltr'><strong><em>confugere</em></strong></span> <span class='ocrx_word' id='word_1_74' title='bbox 642 895 653 937; x_wconf 81' lang='lat'><strong><em>,-</em></strong></span> <span class='ocrx_word' id='word_1_75' title='bbox 663 877 835 927; x_wconf 80' lang='lat' dir='ltr'><strong><em>redcaetodiio</em></strong></span> <span class='ocrx_word' id='word_1_76' title='bbox 842 877 954 944; x_wconf 86' lang='lat' dir='ltr'><strong><em>equitum</em></strong></span> <span class='ocrx_word' id='word_1_77' title='bbox 963 877 1022 927; x_wconf 83' lang='lat' dir='ltr'><strong><em>Nu·</em></strong></span> 
     </span>
     <span class='ocr_line' id='line_1_10' title="bbox 65 943 1019 1014; baseline 0.002 -19"><span class='ocrx_word' id='word_1_78' title='bbox 65 943 215 1006; x_wconf 70' lang='lat' dir='ltr'><strong><em>mistarum,</em></strong></span> <span class='ocrx_word' id='word_1_79' title='bbox 241 961 289 1011; x_wconf 89' lang='lat' dir='ltr'><strong><em>quo</em></strong></span> <span class='ocrx_word' id='word_1_80' title='bbox 301 945 330 995; x_wconf 80' lang='lat' dir='ltr'><strong><em>nt</em></strong></span> <span class='ocrx_word' id='word_1_81' title='bbox 349 945 404 997; x_wconf 84' lang='lat' dir='ltr'><strong><em>siue</em></strong></span> <span class='ocrx_word' id='word_1_82' title='bbox 417 947 530 1014; x_wconf 79' lang='lat' dir='ltr'><strong><em>periculo</em></strong></span> <span class='ocrx_word' id='word_1_83' title='bbox 542 947 798 1010; x_wconf 79' lang='lat' dir='ltr'><strong><em>minussaeeremas,</em></strong></span> <span class='ocrx_word' id='word_1_84' title='bbox 816 946 1019 1012; x_wconf 79' lang='lat' dir='ltr'><strong><em>impediebamur.</em></strong></span> 
     </span>
     <span class='ocr_line' id='line_1_11' title="bbox 66 1012 1022 1082; baseline 0 -16"><span class='ocrx_word' id='word_1_85' title='bbox 66 1013 164 1074; x_wconf 86' lang='lat' dir='ltr'><strong><em>Nunc,</em></strong></span> <span class='ocrx_word' id='word_1_86' title='bbox 182 1013 248 1062; x_wconf 84' lang='lat' dir='ltr'><strong><em>datu</em></strong></span> <span class='ocrx_word' id='word_1_87' title='bbox 264 1015 410 1080; x_wconf 75' lang='lat' dir='ltr'><strong><em>facultate,</em></strong></span> <span class='ocrx_word' id='word_1_88' title='bbox 425 1031 475 1082; x_wconf 87' lang='lat' dir='ltr'><strong><em>pro</em></strong></span> <span class='ocrx_word' id='word_1_89' title='bbox 488 1015 689 1082; x_wconf 74' lang='lat' dir='ltr'><strong><em>speculatoribus</em></strong></span> <span class='ocrx_word' id='word_1_90' title='bbox 699 1015 772 1065; x_wconf 82' lang='lat' dir='ltr'><strong><em>missi</em></strong></span> <span class='ocrx_word' id='word_1_91' title='bbox 785 1015 818 1064; x_wconf 92' lang='lat' dir='ltr'><strong><em>ab</em></strong></span> <span class='ocrx_word' id='word_1_92' title='bbox 835 1016 965 1082; x_wconf 84' lang='lat' dir='ltr'><strong><em>Scipione,</em></strong></span> <span class='ocrx_word' id='word_1_93' title='bbox 985 1012 1022 1066; x_wconf 78' lang='lat' dir='ltr'><strong><em>ad</em></strong></span> 
     </span>
     <span class='ocr_line' id='line_1_12' title="bbox 8 1081 1089 1151; baseline 0.005 -18"><span class='ocrx_word' id='word_1_94' title='bbox 8 1081 10 1088; x_wconf 74' lang='grc'>’</span> <span class='ocrx_word' id='word_1_95' title='bbox 64 1090 93 1133; x_wconf 88' lang='lat' dir='ltr'><strong><em>te</em></strong></span> <span class='ocrx_word' id='word_1_96' title='bbox 112 1081 275 1148; x_wconf 80' lang='lat' dir='ltr'><strong><em>cupidissime</em></strong></span> <span class='ocrx_word' id='word_1_97' title='bbox 294 1084 424 1148; x_wconf 77' lang='lat' dir='ltr'><strong><em>uenimus,</em></strong></span> <span class='ocrx_word' id='word_1_98' title='bbox 450 1091 480 1136; x_wconf 92' lang='lat' dir='ltr'><strong><em>ut</em></strong></span> <span class='ocrx_word' id='word_1_99' title='bbox 489 1086 703 1151; x_wconf 80' lang='lat' dir='ltr'><strong><em>perspiceremus,</em></strong></span> <span class='ocrx_word' id='word_1_100' title='bbox 721 1099 784 1134; x_wconf 89' lang='lat' dir='ltr'><strong><em>num</em></strong></span> <span class='ocrx_word' id='word_1_101' title='bbox 796 1101 862 1150; x_wconf 85' lang='lat' dir='ltr'><strong><em>qaue</em></strong></span> <span class='ocrx_word' id='word_1_102' title='bbox 871 1087 962 1150; x_wconf 76' lang='lat' dir='ltr'><strong><em>fossae</em></strong></span> <span class='ocrx_word' id='word_1_103' title='bbox 973 1081 1021 1135; x_wconf 75' lang='lat' dir='ltr'><strong><em>aret</em></strong></span> <span class='ocrx_word' id='word_1_104' title='bbox 1084 1132 1089 1138; x_wconf 74' lang='grc'>,</span> 
     </span>
     <span class='ocr_line' id='line_1_13' title="bbox 63 1151 1021 1220; baseline 0.002 -18"><span class='ocrx_word' id='word_1_105' title='bbox 63 1151 181 1202; x_wconf 81' lang='lat' dir='ltr'><strong><em>insidiae</em></strong></span> <span class='ocrx_word' id='word_1_106' title='bbox 192 1152 335 1218; x_wconf 78' lang='lat' dir='ltr'><strong><em>elephantis</em></strong></span> <span class='ocrx_word' id='word_1_107' title='bbox 346 1159 409 1204; x_wconf 86' lang='lat' dir='ltr'><strong><em>ante</em></strong></span> <span class='ocrx_word' id='word_1_108' title='bbox 421 1159 508 1204; x_wconf 80' lang='lat' dir='ltr'><strong><em>castra</em></strong></span> <span class='ocrx_word' id='word_1_109' title='bbox 513 1160 653 1220; x_wconf 80' lang='lat' dir='ltr'><strong><em>portasque</em></strong></span> <span class='ocrx_word' id='word_1_110' title='bbox 662 1154 821 1217; x_wconf 78' lang='lat' dir='ltr'><strong><em>cullisactae</em></strong></span> <span class='ocrx_word' id='word_1_111' title='bbox 828 1160 920 1217; x_wconf 84' lang='lat' dir='ltr'><strong><em>essent,</em></strong></span> <span class='ocrx_word' id='word_1_112' title='bbox 930 1154 1021 1204; x_wconf 81' lang='lat' dir='ltr'><strong><em>cimal-</em></strong></span> 
     </span>
     <span class='ocr_line' id='line_1_14' title="bbox 64 1218 1021 1290; baseline 0.003 -20"><span class='ocrx_word' id='word_1_113' title='bbox 64 1237 117 1290; x_wconf 88' lang='lat' dir='ltr'><strong><em>qae</em></strong></span> <span class='ocrx_word' id='word_1_114' title='bbox 134 1221 242 1271; x_wconf 85' lang='lat' dir='ltr'><strong><em>consilia</em></strong></span> <span class='ocrx_word' id='word_1_115' title='bbox 260 1218 348 1272; x_wconf 69' lang='lat' dir='ltr'><strong><em>uestro</em></strong></span> <span class='ocrx_word' id='word_1_116' title='bbox 367 1228 458 1272; x_wconf 87' lang='lat' dir='ltr'><strong><em>contra</em></strong></span> <span class='ocrx_word' id='word_1_117' title='bbox 471 1223 575 1274; x_wconf 75' lang='lat' dir='ltr'><strong><em>eaedem</em></strong></span> <span class='ocrx_word' id='word_1_118' title='bbox 588 1224 683 1275; x_wconf 76' lang='lat' dir='ltr'><strong><em>tentas</em></strong></span> <span class='ocrx_word' id='word_1_119' title='bbox 696 1223 962 1290; x_wconf 73' lang='lat' dir='ltr'><strong><em>comparationemque</em></strong></span> <span class='ocrx_word' id='word_1_120' title='bbox 968 1221 1021 1289; x_wconf 83' lang='lat' dir='ltr'><strong><em>pu·</em></strong></span> 
     </span>
     <span class='ocr_line' id='line_1_15' title="bbox 64 1291 1062 1359; baseline 0.003 -20"><span class='ocrx_word' id='word_1_121' title='bbox 64 1305 140 1358; x_wconf 72' lang='lat' dir='ltr'><strong><em>gnae</em></strong></span> <span class='ocrx_word' id='word_1_122' title='bbox 153 1305 361 1358; x_wconf 80' lang='lat' dir='ltr'><strong><em>cognosceremus</em></strong></span> <span class='ocrx_word' id='word_1_123' title='bbox 376 1297 454 1358; x_wconf 84' lang='lat' dir='ltr'><strong><em>atque</em></strong></span> <span class='ocrx_word' id='word_1_124' title='bbox 469 1293 493 1343; x_wconf 85' lang='lat' dir='ltr'><strong><em>ei</em></strong></span> <span class='ocrx_word' id='word_1_125' title='bbox 504 1293 722 1344; x_wconf 70' lang='lat' dir='ltr'><strong><em>remandaremus.</em></strong></span> <span class='ocrx_word' id='word_1_126' title='bbox 742 1291 826 1359; x_wconf 67' lang='lat' dir='ltr'><strong><em>xQui,</em></strong></span> <span class='ocrx_word' id='word_1_127' title='bbox 844 1291 1021 1346; x_wconf 69' lang='lat' dir='ltr'><strong><em>conlaudatio</em></strong></span> <span class='ocrx_word' id='word_1_128' title='bbox 1059 1326 1062 1332; x_wconf 87' lang='lat'><em>-</em></span> 
     </span>
     <span class='ocr_line' id='line_1_16' title="bbox 64 1357 1021 1430; baseline 0.001 -21"><span class='ocrx_word' id='word_1_129' title='bbox 64 1359 181 1410; x_wconf 79' lang='lat' dir='ltr'><strong><em>(laesere</em></strong></span> <span class='ocrx_word' id='word_1_130' title='bbox 200 1357 378 1425; x_wconf 88' lang='lat' dir='ltr'><strong><em>stipendioque</em></strong></span> <span class='ocrx_word' id='word_1_131' title='bbox 395 1359 498 1425; x_wconf 88' lang='lat' dir='ltr'><strong><em>donati,</em></strong></span> <span class='ocrx_word' id='word_1_132' title='bbox 524 1362 558 1414; x_wconf 85' lang='lat' dir='ltr'><strong><em>ad</em></strong></span> <span class='ocrx_word' id='word_1_133' title='bbox 577 1361 693 1428; x_wconf 83' lang='lat' dir='ltr'><strong><em>reliquos</em></strong></span> <span class='ocrx_word' id='word_1_134' title='bbox 709 1361 833 1430; x_wconf 76' lang='lat' dir='ltr'><strong><em>perfugas</em></strong></span> <span class='ocrx_word' id='word_1_135' title='bbox 846 1361 1021 1411; x_wconf 84' lang='lat' dir='ltr'><strong><em>deducunturr</em></strong></span> 
     </span>
     <span class='ocr_line' id='line_1_17' title="bbox 64 1427 1022 1498; baseline 0.002 -20"><span class='ocrx_word' id='word_1_136' title='bbox 64 1444 181 1494; x_wconf 86' lang='lat' dir='ltr'><strong><em>quorum</em></strong></span> <span class='ocrx_word' id='word_1_137' title='bbox 201 1427 346 1480; x_wconf 87' lang='lat' dir='ltr'><strong><em>orationem</em></strong></span> <span class='ocrx_word' id='word_1_138' title='bbox 365 1429 486 1480; x_wconf 79' lang='lat' dir='ltr'><strong><em>celeriter</em></strong></span> <span class='ocrx_word' id='word_1_139' title='bbox 504 1429 601 1482; x_wconf 79' lang='lat' dir='ltr'><strong><em>veritas</em></strong></span> <span class='ocrx_word' id='word_1_140' title='bbox 617 1429 806 1498; x_wconf 85' lang='lat' dir='ltr'><strong><em>comprobarit.</em></strong></span> <span class='ocrx_word' id='word_1_141' title='bbox 841 1430 960 1496; x_wconf 84' lang='lat' dir='ltr'><strong><em>Namque</em></strong></span> <span class='ocrx_word' id='word_1_142' title='bbox 974 1443 1022 1495; x_wconf 88' lang='lat' dir='ltr'><strong><em>po·</em></strong></span> 
     </span>
     <span class='ocr_line' id='line_1_18' title="bbox 65 1495 1022 1566; baseline 0.002 -18"><span class='ocrx_word' id='word_1_143' title='bbox 65 1505 138 1548; x_wconf 83' lang='lat' dir='ltr'><strong><em>ster-o</em></strong></span> <span class='ocrx_word' id='word_1_144' title='bbox 155 1495 199 1547; x_wconf 88' lang='lat' dir='ltr'><strong><em>die</em></strong></span> <span class='ocrx_word' id='word_1_145' title='bbox 217 1513 248 1548; x_wconf 84' lang='lat' dir='ltr'><strong><em>ex</em></strong></span> <span class='ocrx_word' id='word_1_146' title='bbox 267 1495 416 1566; x_wconf 73' lang='lat' dir='ltr'><strong><em>legionibus</em></strong></span> <span class='ocrx_word' id='word_1_147' title='bbox 430 1497 479 1563; x_wconf 87' lang='lat' dir='ltr'><strong><em>iis,</em></strong></span> <span class='ocrx_word' id='word_1_148' title='bbox 498 1516 563 1564; x_wconf 88' lang='lat' dir='ltr'><strong><em>quas</em></strong></span> <span class='ocrx_word' id='word_1_149' title='bbox 574 1499 682 1551; x_wconf 82' lang='lat' dir='ltr'><strong><em>Gaetuli</em></strong></span> <span class='ocrx_word' id='word_1_150' title='bbox 694 1499 906 1562; x_wconf 69' lang='lat' dir='ltr'><strong><em>nominaverunt,</em></strong></span> <span class='ocrx_word' id='word_1_151' title='bbox 923 1498 1022 1550; x_wconf 78' lang='lat' dir='ltr'><strong><em>milites</em></strong></span> 
     </span>
     <span class='ocr_line' id='line_1_19' title="bbox 64 1565 1021 1636; baseline 0 -18"><span class='ocrx_word' id='word_1_152' title='bbox 64 1565 210 1636; x_wconf 76' lang='lat' dir='ltr'><strong><em>legionarii</em></strong></span> <span class='ocrx_word' id='word_1_153' title='bbox 230 1567 376 1632; x_wconf 89' lang='lat' dir='ltr'><strong><em>complures</em></strong></span> <span class='ocrx_word' id='word_1_154' title='bbox 394 1569 429 1619; x_wconf 90' lang='lat' dir='ltr'><strong><em>ab</em></strong></span> <span class='ocrx_word' id='word_1_155' title='bbox 441 1567 562 1635; x_wconf 84' lang='lat' dir='ltr'><strong><em>Scipione</em></strong></span> <span class='ocrx_word' id='word_1_156' title='bbox 574 1567 603 1619; x_wconf 91' lang='lat' dir='ltr'><strong><em>in</em></strong></span> <span class='ocrx_word' id='word_1_157' title='bbox 614 1575 701 1620; x_wconf 72' lang='lat' dir='ltr'><strong><em>casua</em></strong></span> <span class='ocrx_word' id='word_1_158' title='bbox 714 1568 832 1619; x_wconf 84' lang='lat' dir='ltr'><strong><em>Caesaris</em></strong></span> <span class='ocrx_word' id='word_1_159' title='bbox 842 1569 1021 1635; x_wconf 73' lang='lat' dir='ltr'><strong><em>perfugerant.</em></strong></span> 
     </span>
     <span class='ocr_line' id='line_1_20' title="bbox 137 1633 1022 1704; baseline 0.003 -19"><span class='ocrx_word' id='word_1_160' title='bbox 137 1633 180 1686; x_wconf 77' lang='lat' dir='ltr'><strong><em>to.</em></strong></span> <span class='ocrx_word' id='word_1_161' title='bbox 192 1635 261 1686; x_wconf 85' lang='lat' dir='ltr'><strong><em>Dum</em></strong></span> <span class='ocrx_word' id='word_1_162' title='bbox 271 1635 337 1686; x_wconf 86' lang='lat' dir='ltr'><strong><em>haec</em></strong></span> <span class='ocrx_word' id='word_1_163' title='bbox 349 1636 383 1687; x_wconf 87' lang='lat' dir='ltr'><strong><em>ad</em></strong></span> <span class='ocrx_word' id='word_1_164' title='bbox 393 1637 540 1703; x_wconf 77' lang='lat' dir='ltr'><strong><em>Ruspinam</em></strong></span> <span class='ocrx_word' id='word_1_165' title='bbox 556 1642 699 1704; x_wconf 77' lang='lat' dir='ltr'><strong><em>genantur,</em></strong></span> <span class='ocrx_word' id='word_1_166' title='bbox 715 1637 754 1687; x_wconf 91' lang='grc' dir='ltr'><strong><em>Μ.</em></strong></span> <span class='ocrx_word' id='word_1_167' title='bbox 769 1637 851 1699; x_wconf 86' lang='lat' dir='ltr'><strong><em>Cato,</em></strong></span> <span class='ocrx_word' id='word_1_168' title='bbox 867 1637 913 1704; x_wconf 89' lang='lat' dir='ltr'><strong><em>qui</em></strong></span> <span class='ocrx_word' id='word_1_169' title='bbox 928 1636 1022 1688; x_wconf 82' lang='lat' dir='ltr'><strong><em>Uticae</em></strong></span> 
     </span>
     <span class='ocr_line' id='line_1_21' title="bbox 64 1703 1022 1772; baseline 0.001 -17"><span class='ocrx_word' id='word_1_170' title='bbox 64 1709 205 1772; x_wconf 79' lang='lat' dir='ltr'><strong><em>praeerat,</em></strong></span> <span class='ocrx_word' id='word_1_171' title='bbox 221 1703 331 1756; x_wconf 88' lang='lat' dir='ltr'><strong><em>dilectus</em></strong></span> <span class='ocrx_word' id='word_1_172' title='bbox 343 1703 459 1771; x_wconf 89' lang='lat' dir='ltr'><strong><em>quotidie</em></strong></span> <span class='ocrx_word' id='word_1_173' title='bbox 471 1705 664 1768; x_wconf 88' lang='lat' dir='ltr'><strong><em>libertinorum,</em></strong></span> <span class='ocrx_word' id='word_1_174' title='bbox 676 1704 810 1767; x_wconf 75' lang='lat' dir='ltr'><strong><em>dirorum,</em></strong></span> <span class='ocrx_word' id='word_1_175' title='bbox 828 1722 965 1756; x_wconf 80' lang='lat' dir='ltr'><strong><em>servornm</em></strong></span> <span class='ocrx_word' id='word_1_176' title='bbox 975 1704 1022 1757; x_wconf 86' lang='lat' dir='ltr'><strong><em>de·</em></strong></span> 
     </span>
     <span class='ocr_line' id='line_1_22' title="bbox 64 1772 1021 1844; baseline 0.003 -20"><span class='ocrx_word' id='word_1_177' title='bbox 64 1773 147 1840; x_wconf 86' lang='lat' dir='ltr'><strong><em>niqne</em></strong></span> <span class='ocrx_word' id='word_1_178' title='bbox 160 1778 186 1824; x_wconf 87' lang='lat' dir='ltr'><strong><em>et</em></strong></span> <span class='ocrx_word' id='word_1_179' title='bbox 201 1772 397 1844; x_wconf 84' lang='lat' dir='ltr'><strong><em>cuiusquemodi</em></strong></span> <span class='ocrx_word' id='word_1_180' title='bbox 413 1773 517 1842; x_wconf 78' lang='lat' dir='ltr'><strong><em>generis</em></strong></span> <span class='ocrx_word' id='word_1_181' title='bbox 527 1772 680 1838; x_wconf 82' lang='lat' dir='ltr'><strong><em>hominum,</em></strong></span> <span class='ocrx_word' id='word_1_182' title='bbox 697 1773 744 1841; x_wconf 88' lang='lat' dir='ltr'><strong><em>qui</em></strong></span> <span class='ocrx_word' id='word_1_183' title='bbox 753 1775 832 1824; x_wconf 87' lang='lat' dir='ltr'><strong><em>modu</em></strong></span> <span class='ocrx_word' id='word_1_184' title='bbox 846 1789 895 1839; x_wconf 82' lang='lat' dir='ltr'><strong><em>per</em></strong></span> <span class='ocrx_word' id='word_1_185' title='bbox 907 1779 1021 1827; x_wconf 81' lang='lat' dir='ltr'><strong><em>aetatem</em></strong></span> 
     </span>
     <span class='ocr_line' id='line_1_23' title="bbox 66 1841 1021 1909; baseline -0.003 -14"><span class='ocrx_word' id='word_1_186' title='bbox 66 1843 220 1895; x_wconf 86' lang='lat' dir='ltr'><strong><em>armaierre</em></strong></span> <span class='ocrx_word' id='word_1_187' title='bbox 231 1849 358 1908; x_wconf 86' lang='lat' dir='ltr'><strong><em>poterant,</em></strong></span> <span class='ocrx_word' id='word_1_188' title='bbox 369 1843 470 1896; x_wconf 83' lang='lat' dir='ltr'><strong><em>lrnbere</em></strong></span> <span class='ocrx_word' id='word_1_189' title='bbox 484 1843 619 1909; x_wconf 88' lang='lat' dir='ltr'><strong><em>atquesnb</em></strong></span> <span class='ocrx_word' id='word_1_190' title='bbox 633 1859 742 1894; x_wconf 85' lang='lat' dir='ltr'><strong><em>manum</em></strong></span> <span class='ocrx_word' id='word_1_191' title='bbox 756 1841 886 1908; x_wconf 71' lang='lat' dir='ltr'><strong><em>scipionia</em></strong></span> <span class='ocrx_word' id='word_1_192' title='bbox 894 1842 921 1892; x_wconf 91' lang='lat' dir='ltr'><strong><em>in</em></strong></span> <span class='ocrx_word' id='word_1_193' title='bbox 935 1845 1021 1893; x_wconf 73' lang='lat' dir='ltr'><strong><em>costra</em></strong></span> 
     </span>
     <span class='ocr_line' id='line_1_24' title="bbox 66 1909 1049 1980; baseline -0.002 -16"><span class='ocrx_word' id='word_1_194' title='bbox 66 1910 228 1964; x_wconf 80' lang='lat' dir='ltr'><strong><em>submittere</em></strong></span> <span class='ocrx_word' id='word_1_195' title='bbox 236 1928 286 1963; x_wconf 92' lang='lat' dir='ltr'><strong><em>non</em></strong></span> <span class='ocrx_word' id='word_1_196' title='bbox 299 1911 454 1964; x_wconf 86' lang='lat' dir='ltr'><strong><em>intermittit.</em></strong></span> <span class='ocrx_word' id='word_1_197' title='bbox 488 1911 583 1980; x_wconf 79' lang='lat' dir='ltr'><strong><em>legati</em></strong></span> <span class='ocrx_word' id='word_1_198' title='bbox 593 1911 740 1964; x_wconf 66' lang='lat' dir='ltr'><strong><em>interim-ex</em></strong></span> <span class='ocrx_word' id='word_1_199' title='bbox 752 1911 848 1977; x_wconf 92' lang='lat' dir='ltr'><strong><em>oppido</em></strong></span> <span class='ocrx_word' id='word_1_200' title='bbox 859 1910 978 1972; x_wconf 87' lang='lat' dir='ltr'><strong><em>Tisdrne,</em></strong></span> <span class='ocrx_word' id='word_1_201' title='bbox 992 1909 1021 1962; x_wconf 76' lang='lat' dir='ltr'><strong><em>in</em></strong></span> <span class='ocrx_word' id='word_1_202' title='bbox 1047 1956 1049 1967; x_wconf 89' lang='grc'><em>,</em></span> 
     </span>
     <span class='ocr_line' id='line_1_25' title="bbox 66 1978 1022 2047; baseline 0.001 -16"><span class='ocrx_word' id='word_1_203' title='bbox 66 1997 120 2047; x_wconf 89' lang='lat' dir='ltr'><strong><em>quo</em></strong></span> <span class='ocrx_word' id='word_1_204' title='bbox 132 1979 212 2032; x_wconf 86' lang='lat' dir='ltr'><strong><em>tritici</em></strong></span> <span class='ocrx_word' id='word_1_205' title='bbox 229 1981 345 2032; x_wconf 89' lang='lat' dir='ltr'><strong><em>modium</em></strong></span> <span class='ocrx_word' id='word_1_206' title='bbox 360 1981 436 2032; x_wconf 86' lang='lat' dir='ltr'><strong><em>milia</em></strong></span> <span class='ocrx_word' id='word_1_207' title='bbox 450 1981 514 2034; x_wconf 79' lang='lat' dir='ltr'><strong><em>CCC</em></strong></span> <span class='ocrx_word' id='word_1_208' title='bbox 529 1985 691 2047; x_wconf 88' lang='lat' dir='ltr'><strong><em>comportata</em></strong></span> <span class='ocrx_word' id='word_1_209' title='bbox 703 1981 807 2032; x_wconf 86' lang='lat' dir='ltr'><strong><em>inerant</em></strong></span> <span class='ocrx_word' id='word_1_210' title='bbox 818 1996 840 2037; x_wconf 76' lang='grc' dir='ltr'><strong><em>ιι,</em></strong></span> <span class='ocrx_word' id='word_1_211' title='bbox 849 1978 1022 2047; x_wconf 73' lang='lat' dir='ltr'><strong><em>negotiatori-</em></strong></span> 
     </span>
     <span class='ocr_line' id='line_1_26' title="bbox 65 2049 1021 2117; baseline -0.003 -15"><span class='ocrx_word' id='word_1_212' title='bbox 65 2049 117 2102; x_wconf 84' lang='lat' dir='ltr'><strong><em>bus</em></strong></span> <span class='ocrx_word' id='word_1_213' title='bbox 129 2049 227 2100; x_wconf 85' lang='lat' dir='ltr'><strong><em>Italicis</em></strong></span> <span class='ocrx_word' id='word_1_214' title='bbox 241 2049 455 2117; x_wconf 71' lang='lat' dir='ltr'><strong><em>arctioribusque,</em></strong></span> <span class='ocrx_word' id='word_1_215' title='bbox 472 2050 506 2102; x_wconf 88' lang='lat' dir='ltr'><strong><em>ad</em></strong></span> <span class='ocrx_word' id='word_1_216' title='bbox 526 2051 664 2102; x_wconf 72' lang='lat' dir='ltr'><strong><em>Caesmn</em></strong></span> <span class='ocrx_word' id='word_1_217' title='bbox 679 2065 789 2113; x_wconf 86' lang='lat' dir='ltr'><strong><em>venere,</em></strong></span> <span class='ocrx_word' id='word_1_218' title='bbox 807 2057 957 2117; x_wconf 85' lang='lat' dir='ltr'><strong><em>quantaque</em></strong></span> <span class='ocrx_word' id='word_1_219' title='bbox 978 2065 1021 2100; x_wconf 77' lang='lat' dir='ltr'><strong><em>co·</em></strong></span> 
     </span>
     <span class='ocr_line' id='line_1_27' title="bbox 63 2116 1021 2188; baseline 0 -19"><span class='ocrx_word' id='word_1_220' title='bbox 63 2121 114 2188; x_wconf 85' lang='lat' dir='ltr'><strong><em>pia</em></strong></span> <span class='ocrx_word' id='word_1_221' title='bbox 126 2121 256 2184; x_wconf 81' lang='lat' dir='ltr'><strong><em>frumenti</em></strong></span> <span class='ocrx_word' id='word_1_222' title='bbox 268 2120 340 2188; x_wconf 87' lang='lat' dir='ltr'><strong><em>apud</em></strong></span> <span class='ocrx_word' id='word_1_223' title='bbox 353 2137 381 2172; x_wconf 87' lang='lat' dir='ltr'><strong><em>oc</em></strong></span> <span class='ocrx_word' id='word_1_224' title='bbox 396 2121 447 2184; x_wconf 82' lang='lat' dir='ltr'><strong><em>cit,</em></strong></span> <span class='ocrx_word' id='word_1_225' title='bbox 465 2120 571 2183; x_wconf 64' lang='lat' dir='ltr'><strong><em>deuenit</em></strong></span> <span class='ocrx_word' id='word_1_226' title='bbox 588 2119 718 2186; x_wconf 85' lang='lat' dir='ltr'><strong><em>simulque</em></strong></span> <span class='ocrx_word' id='word_1_227' title='bbox 729 2124 818 2182; x_wconf 86' lang='lat' dir='ltr'><strong><em>orant,</em></strong></span> <span class='ocrx_word' id='word_1_228' title='bbox 835 2126 864 2170; x_wconf 87' lang='lat' dir='ltr'><strong><em>at</em></strong></span> <span class='ocrx_word' id='word_1_229' title='bbox 882 2116 932 2170; x_wconf 79' lang='lat' dir='ltr'><strong><em>abi</em></strong></span> <span class='ocrx_word' id='word_1_230' title='bbox 940 2133 1021 2185; x_wconf 64' lang='lat' dir='ltr'><strong><em>praes</em></strong></span> 
     </span>
     <span class='ocr_line' id='line_1_28' title="bbox 66 2189 1020 2258; baseline 0 -19"><span class='ocrx_word' id='word_1_231' title='bbox 66 2189 282 2252; x_wconf 47' lang='lat' dir='ltr'><strong><em>sidium‘mittut,</em></strong></span> <span class='ocrx_word' id='word_1_232' title='bbox 300 2207 348 2258; x_wconf 89' lang='lat' dir='ltr'><strong><em>quo</em></strong></span> <span class='ocrx_word' id='word_1_233' title='bbox 364 2191 473 2256; x_wconf 80' lang='lat' dir='ltr'><strong><em>facilius</em></strong></span> <span class='ocrx_word' id='word_1_234' title='bbox 489 2197 515 2241; x_wconf 84' lang='lat' dir='ltr'><strong><em>et</em></strong></span> <span class='ocrx_word' id='word_1_235' title='bbox 526 2193 689 2256; x_wconf 79' lang='lat' dir='ltr'><strong><em>framentum</em></strong></span> <span class='ocrx_word' id='word_1_236' title='bbox 703 2195 730 2240; x_wconf 86' lang='lat' dir='ltr'><strong><em>et</em></strong></span> <span class='ocrx_word' id='word_1_237' title='bbox 743 2189 831 2254; x_wconf 83' lang='lat' dir='ltr'><strong><em>copiae</em></strong></span> <span class='ocrx_word' id='word_1_238' title='bbox 842 2205 906 2239; x_wconf 81' lang='lat' dir='ltr'><strong><em>suae</em></strong></span> <span class='ocrx_word' id='word_1_239' title='bbox 918 2202 1020 2241; x_wconf 77' lang='lat' dir='ltr'><strong><em>comer-</em></strong></span> 
     </span>
     <span class='ocr_line' id='line_1_29' title="bbox 66 2257 1021 2327; baseline 0.001 -19"><span class='ocrx_word' id='word_1_240' title='bbox 66 2263 172 2308; x_wconf 83' lang='lat' dir='ltr'><strong><em>aentur.</em></strong></span> <span class='ocrx_word' id='word_1_241' title='bbox 204 2257 307 2323; x_wconf 79' lang='lat' dir='ltr'><strong><em>Quibus</em></strong></span> <span class='ocrx_word' id='word_1_242' title='bbox 322 2257 419 2310; x_wconf 85' lang='lat' dir='ltr'><strong><em>Caesar</em></strong></span> <span class='ocrx_word' id='word_1_243' title='bbox 431 2257 458 2310; x_wconf 88' lang='lat' dir='ltr'><strong><em>in</em></strong></span> <span class='ocrx_word' id='word_1_244' title='bbox 472 2258 620 2326; x_wconf 86' lang='lat' dir='ltr'><strong><em>praesentia</em></strong></span> <span class='ocrx_word' id='word_1_245' title='bbox 631 2258 732 2327; x_wconf 76' lang='lat' dir='ltr'><strong><em>gratias</em></strong></span> <span class='ocrx_word' id='word_1_246' title='bbox 742 2257 799 2325; x_wconf 81' lang='lat' dir='ltr'><strong><em>agit</em></strong></span> <span class='ocrx_word' id='word_1_247' title='bbox 809 2258 1021 2324; x_wconf 73' lang='lat' dir='ltr'><strong><em>praesidiumque</em></strong></span> 
     </span>
     <span class='ocr_line' id='line_1_30' title="bbox 67 2325 1021 2393; baseline -0.001 -15"><span class='ocrx_word' id='word_1_248' title='bbox 67 2326 142 2378; x_wconf 84' lang='lat' dir='ltr'><strong><em>brevi</em></strong></span> <span class='ocrx_word' id='word_1_249' title='bbox 159 2333 274 2393; x_wconf 86' lang='lat' dir='ltr'><strong><em>tempore</em></strong></span> <span class='ocrx_word' id='word_1_250' title='bbox 292 2343 320 2378; x_wconf 85' lang='lat' dir='ltr'><strong><em>oe</em></strong></span> <span class='ocrx_word' id='word_1_251' title='bbox 339 2329 476 2380; x_wconf 86' lang='lat' dir='ltr'><strong><em>missurum.</em></strong></span> <span class='ocrx_word' id='word_1_252' title='bbox 493 2327 572 2391; x_wconf 84' lang='lat' dir='ltr'><strong><em>dirit3</em></strong></span> <span class='ocrx_word' id='word_1_253' title='bbox 598 2329 800 2393; x_wconf 81' lang='lat' dir='ltr'><strong><em>cohortatusque</em></strong></span> <span class='ocrx_word' id='word_1_254' title='bbox 820 2327 855 2378; x_wconf 87' lang='lat' dir='ltr'><strong><em>ad</em></strong></span> <span class='ocrx_word' id='word_1_255' title='bbox 876 2343 936 2378; x_wconf 84' lang='lat' dir='ltr'><strong><em>suos</em></strong></span> <span class='ocrx_word' id='word_1_256' title='bbox 949 2325 1021 2378; x_wconf 72' lang='lat' dir='ltr'><strong><em>cirea</em></strong></span> 
     </span>
     <span class='ocr_line' id='line_1_31' title="bbox 65 2393 1019 2463; baseline -0.003 -14"><span class='ocrx_word' id='word_1_257' title='bbox 65 2395 143 2449; x_wconf 88' lang='lat' dir='ltr'><strong><em>iubet</em></strong></span> <span class='ocrx_word' id='word_1_258' title='bbox 154 2394 293 2462; x_wconf 87' lang='lat' dir='ltr'><strong><em>proticisci.</em></strong></span> <span class='ocrx_word' id='word_1_259' title='bbox 310 2396 341 2448; x_wconf 90' lang='lat' dir='ltr'><strong><em>P.</em></strong></span> <span class='ocrx_word' id='word_1_260' title='bbox 353 2395 435 2448; x_wconf 83' lang='lat' dir='ltr'><strong><em>Silius</em></strong></span> <span class='ocrx_word' id='word_1_261' title='bbox 449 2395 561 2460; x_wconf 82' lang='lat' dir='ltr'><strong><em>interim,</em></strong></span> <span class='ocrx_word' id='word_1_262' title='bbox 575 2413 636 2448; x_wconf 89' lang='lat' dir='ltr'><strong><em>cnm</em></strong></span> <span class='ocrx_word' id='word_1_263' title='bbox 655 2396 736 2463; x_wconf 86' lang='lat' dir='ltr'><strong><em>copiis</em></strong></span> <span class='ocrx_word' id='word_1_264' title='bbox 749 2395 889 2448; x_wconf 83' lang='lat' dir='ltr'><strong><em>Numidiae</em></strong></span> <span class='ocrx_word' id='word_1_265' title='bbox 899 2397 964 2447; x_wconf 78' lang='lat' dir='ltr'><strong><em>fines</em></strong></span> <span class='ocrx_word' id='word_1_266' title='bbox 979 2393 1019 2446; x_wconf 86' lang='lat' dir='ltr'><strong><em>ia·</em></strong></span> 
     </span>
     <span class='ocr_line' id='line_1_32' title="bbox 102 2464 1020 2532; baseline -0.001 -17"><span class='ocrx_word' id='word_1_267' title='bbox 102 2481 183 2528; x_wconf 78' lang='lat' dir='ltr'><strong><em>essue,</em></strong></span> <span class='ocrx_word' id='word_1_268' title='bbox 197 2465 343 2530; x_wconf 83' lang='lat' dir='ltr'><strong><em>castellum,</em></strong></span> <span class='ocrx_word' id='word_1_269' title='bbox 361 2465 387 2517; x_wconf 92' lang='lat' dir='ltr'><strong><em>in</em></strong></span> <span class='ocrx_word' id='word_1_270' title='bbox 401 2471 489 2518; x_wconf 88' lang='lat' dir='ltr'><strong><em>monte</em></strong></span> <span class='ocrx_word' id='word_1_271' title='bbox 503 2466 562 2517; x_wconf 91' lang='lat' dir='ltr'><strong><em>loeo</em></strong></span> <span class='ocrx_word' id='word_1_272' title='bbox 575 2465 677 2518; x_wconf 87' lang='lat' dir='ltr'><strong><em>munito</em></strong></span> <span class='ocrx_word' id='word_1_273' title='bbox 688 2467 814 2530; x_wconf 84' lang='lat' dir='ltr'><strong><em>locatum,</em></strong></span> <span class='ocrx_word' id='word_1_274' title='bbox 831 2464 858 2516; x_wconf 94' lang='lat' dir='ltr'><strong><em>in</em></strong></span> <span class='ocrx_word' id='word_1_275' title='bbox 875 2466 943 2532; x_wconf 82' lang='lat' dir='ltr'><strong><em>quod</em></strong></span> <span class='ocrx_word' id='word_1_276' title='bbox 954 2464 1020 2515; x_wconf 83' lang='lat' dir='ltr'><strong><em>luha</em></strong></span> 
     </span>
     <span class='ocr_line' id='line_1_33' title="bbox 66 2481 1020 2603; baseline 0 -17"><span class='ocrx_word' id='word_1_277' title='bbox 66 2481 135 2586; x_wconf 58' lang='lat' dir='ltr'><strong><em>iim</em></strong></span> <span class='ocrx_word' id='word_1_278' title='bbox 149 2535 257 2602; x_wconf 77' lang='lat' dir='ltr'><strong><em>gerendi</em></strong></span> <span class='ocrx_word' id='word_1_279' title='bbox 270 2534 359 2603; x_wconf 78' lang='lat' dir='ltr'><strong><em>gratia</em></strong></span> <span class='ocrx_word' id='word_1_280' title='bbox 371 2540 397 2586; x_wconf 86' lang='lat' dir='ltr'><strong><em>et</em></strong></span> <span class='ocrx_word' id='word_1_281' title='bbox 410 2534 570 2586; x_wconf 80' lang='lat' dir='ltr'><strong><em>frumentum</em></strong></span> <span class='ocrx_word' id='word_1_282' title='bbox 584 2540 611 2586; x_wconf 89' lang='lat' dir='ltr'><strong><em>et</em></strong></span> <span class='ocrx_word' id='word_1_283' title='bbox 623 2552 665 2586; x_wconf 84' lang='lat' dir='ltr'><strong><em>res</em></strong></span> <span class='ocrx_word' id='word_1_284' title='bbox 676 2541 783 2598; x_wconf 77' lang='lat' dir='ltr'><strong><em>ceteras,</em></strong></span> <span class='ocrx_word' id='word_1_285' title='bbox 792 2551 859 2601; x_wconf 86' lang='lat' dir='ltr'><strong><em>quac</em></strong></span> <span class='ocrx_word' id='word_1_286' title='bbox 874 2535 907 2586; x_wconf 86' lang='lat' dir='ltr'><strong><em>ad</em></strong></span> <span class='ocrx_word' id='word_1_287' title='bbox 920 2533 1020 2586; x_wconf 84' lang='lat' dir='ltr'><strong><em>bellam</em></strong></span> 
     </span>
     <span class='ocr_line' id='line_1_34' title="bbox 66 2601 958 2673; baseline -0.002 -17"><span class='ocrx_word' id='word_1_288' title='bbox 66 2601 129 2656; x_wconf 85' lang='lat' dir='ltr'><strong><em>usui</em></strong></span> <span class='ocrx_word' id='word_1_289' title='bbox 140 2604 224 2656; x_wconf 86' lang='lat' dir='ltr'><strong><em>solent</em></strong></span> <span class='ocrx_word' id='word_1_290' title='bbox 239 2619 310 2668; x_wconf 85' lang='lat' dir='ltr'><strong><em>esse,</em></strong></span> <span class='ocrx_word' id='word_1_291' title='bbox 319 2608 553 2670; x_wconf 70' lang='lat' dir='ltr'><strong><em>comportarent,</em></strong></span> <span class='ocrx_word' id='word_1_292' title='bbox 570 2603 599 2655; x_wconf 77' lang='lat' dir='ltr'><strong><em>ri</em></strong></span> <span class='ocrx_word' id='word_1_293' title='bbox 615 2605 786 2673; x_wconf 77' lang='lat' dir='ltr'><strong><em>expugnando</em></strong></span> <span class='ocrx_word' id='word_1_294' title='bbox 802 2610 841 2655; x_wconf 79' lang='lat' dir='ltr'><strong><em>est</em></strong></span> <span class='ocrx_word' id='word_1_295' title='bbox 854 2602 958 2670; x_wconf 86' lang='lat' dir='ltr'><strong><em>potitus.</em></strong></span> 
     </span>
     <span class='ocr_line' id='line_1_35' title="bbox 138 2670 1020 2742; baseline -0.001 -19"><span class='ocrx_word' id='word_1_296' title='bbox 138 2671 181 2724; x_wconf 79' lang='lat' dir='ltr'><strong><em>bi.</em></strong></span> <span class='ocrx_word' id='word_1_297' title='bbox 199 2673 296 2724; x_wconf 80' lang='lat' dir='ltr'><strong><em>Caesar</em></strong></span> <span class='ocrx_word' id='word_1_298' title='bbox 306 2679 444 2740; x_wconf 86' lang='lat' dir='ltr'><strong><em>postquam</em></strong></span> <span class='ocrx_word' id='word_1_299' title='bbox 457 2671 606 2742; x_wconf 79' lang='lat' dir='ltr'><strong><em>legidnibus</em></strong></span> <span class='ocrx_word' id='word_1_300' title='bbox 615 2673 745 2726; x_wconf 80' lang='lat' dir='ltr'><strong><em>veteranio</em></strong></span> <span class='ocrx_word' id='word_1_301' title='bbox 759 2673 876 2734; x_wconf 88' lang='lat' dir='ltr'><strong><em>duabus,</em></strong></span> <span class='ocrx_word' id='word_1_302' title='bbox 893 2670 1020 2737; x_wconf 77' lang='lat' dir='ltr'><strong><em>equitata,</em></strong></span> 
     </span>
     <span class='ocr_line' id='line_1_36' title="bbox 66 2739 1021 2809; baseline -0.005 -14"><span class='ocrx_word' id='word_1_303' title='bbox 66 2739 173 2808; x_wconf 75' lang='lat' dir='ltr'><strong><em>lenique</em></strong></span> <span class='ocrx_word' id='word_1_304' title='bbox 186 2747 327 2808; x_wconf 85' lang='lat' dir='ltr'><strong><em>armatnra,</em></strong></span> <span class='ocrx_word' id='word_1_305' title='bbox 342 2741 431 2809; x_wconf 88' lang='lat' dir='ltr'><strong><em>copias</em></strong></span> <span class='ocrx_word' id='word_1_306' title='bbox 441 2759 501 2795; x_wconf 87' lang='lat' dir='ltr'><strong><em>suas</em></strong></span> <span class='ocrx_word' id='word_1_307' title='bbox 516 2743 671 2795; x_wconf 84' lang='lat' dir='ltr'><strong><em>exsecando</em></strong></span> <span class='ocrx_word' id='word_1_308' title='bbox 685 2747 833 2795; x_wconf 86' lang='lat' dir='ltr'><strong><em>commeatu</em></strong></span> <span class='ocrx_word' id='word_1_309' title='bbox 844 2746 959 2803; x_wconf 83' lang='lat' dir='ltr'><strong><em>auxerat,</em></strong></span> <span class='ocrx_word' id='word_1_310' title='bbox 971 2755 1021 2791; x_wconf 80' lang='lat' dir='ltr'><strong><em>na·</em></strong></span> 
     </span>
     <span class='ocr_line' id='line_1_37' title="bbox 66 2806 1020 2878; baseline -0.003 -16"><span class='ocrx_word' id='word_1_311' title='bbox 66 2828 114 2862; x_wconf 74' lang='lat' dir='ltr'><strong><em>res</em></strong></span> <span class='ocrx_word' id='word_1_312' title='bbox 125 2827 169 2862; x_wconf 79' lang='lat' dir='ltr'><strong><em>ser</em></strong></span> <span class='ocrx_word' id='word_1_313' title='bbox 179 2811 313 2863; x_wconf 81' lang='lat' dir='ltr'><strong><em>onerarias</em></strong></span> <span class='ocrx_word' id='word_1_314' title='bbox 325 2811 415 2864; x_wconf 87' lang='lat' dir='ltr'><strong><em>statim</em></strong></span> <span class='ocrx_word' id='word_1_315' title='bbox 428 2811 501 2864; x_wconf 88' lang='lat' dir='ltr'><strong><em>iubet</em></strong></span> <span class='ocrx_word' id='word_1_316' title='bbox 515 2806 673 2878; x_wconf 78' lang='lat' dir='ltr'><strong><em>Lilybaeum</em></strong></span> <span class='ocrx_word' id='word_1_317' title='bbox 685 2812 719 2863; x_wconf 91' lang='lat' dir='ltr'><strong><em>ad</em></strong></span> <span class='ocrx_word' id='word_1_318' title='bbox 732 2811 864 2877; x_wconf 83' lang='lat' dir='ltr'><strong><em>reliquum</em></strong></span> <span class='ocrx_word' id='word_1_319' title='bbox 876 2809 1020 2872; x_wconf 73' lang='lat' dir='ltr'><strong><em>exercitam</em></strong></span> 
     </span>
     <span class='ocr_line' id='line_1_38' title="bbox 67 2878 1040 2949; baseline -0.003 -17"><span class='ocrx_word' id='word_1_320' title='bbox 67 2881 296 2946; x_wconf 86' lang='lat' dir='ltr'><strong><em>transportandum</em></strong></span> <span class='ocrx_word' id='word_1_321' title='bbox 307 2880 449 2948; x_wconf 75' lang='lat' dir='ltr'><strong><em>proticiscic</em></strong></span> <span class='ocrx_word' id='word_1_322' title='bbox 466 2881 522 2949; x_wconf 88' lang='lat' dir='ltr'><strong><em>ipse</em></strong></span> <span class='ocrx_word' id='word_1_323' title='bbox 537 2883 572 2933; x_wconf 88' lang='lat' dir='ltr'><strong><em>Vl</em></strong></span> <span class='ocrx_word' id='word_1_324' title='bbox 583 2882 642 2933; x_wconf 80' lang='lat' dir='ltr'><strong><em>lial.</em></strong></span> <span class='ocrx_word' id='word_1_325' title='bbox 656 2881 733 2932; x_wconf 82' lang='lat' dir='ltr'><strong><em>Febr.</em></strong></span> <span class='ocrx_word' id='word_1_326' title='bbox 746 2879 851 2931; x_wconf 86' lang='lat' dir='ltr'><strong><em>circiter</em></strong></span> <span class='ocrx_word' id='word_1_327' title='bbox 857 2878 950 2946; x_wconf 74' lang='lat' dir='ltr'><strong><em>vigilia</em></strong></span> <span class='ocrx_word' id='word_1_328' title='bbox 964 2878 1019 2944; x_wconf 82' lang='lat' dir='ltr'><strong><em>pri·</em></strong></span> <span class='ocrx_word' id='word_1_329' title='bbox 1038 2884 1040 2895; x_wconf 94' lang='lat'>&#39;</span> 
     </span>
     <span class='ocr_line' id='line_1_39' title="bbox 66 2947 1019 3017; baseline -0.001 -15"><span class='ocrx_word' id='word_1_330' title='bbox 66 2965 114 3002; x_wconf 84' lang='lat' dir='ltr'><strong><em>ma</em></strong></span> <span class='ocrx_word' id='word_1_331' title='bbox 125 2947 254 3014; x_wconf 87' lang='lat' dir='ltr'><strong><em>imperat,</em></strong></span> <span class='ocrx_word' id='word_1_332' title='bbox 271 2952 445 3016; x_wconf 75' lang='lat' dir='ltr'><strong><em>speculatores</em></strong></span> <span class='ocrx_word' id='word_1_333' title='bbox 463 2949 681 3017; x_wconf 85' lang='lat' dir='ltr'><strong><em>adparitoresqne</em></strong></span> <span class='ocrx_word' id='word_1_334' title='bbox 699 2965 789 3015; x_wconf 81' lang='lat' dir='ltr'><strong><em>omnes</em></strong></span> <span class='ocrx_word' id='word_1_335' title='bbox 799 2955 836 3012; x_wconf 21' lang='lat' dir='ltr'><strong><em>,ut</em></strong></span> <span class='ocrx_word' id='word_1_336' title='bbox 850 2947 901 3000; x_wconf 84' lang='lat' dir='ltr'><strong><em>sibi</em></strong></span> <span class='ocrx_word' id='word_1_337' title='bbox 915 2954 1019 3013; x_wconf 76' lang='lat' dir='ltr'><strong><em>praesto</em></strong></span> 
     </span>
     <span class='ocr_line' id='line_1_40' title="bbox 66 3016 1019 3086; baseline 0 -18"><span class='ocrx_word' id='word_1_338' title='bbox 66 3024 161 3069; x_wconf 85' lang='lat' dir='ltr'><strong><em>essent.</em></strong></span> <span class='ocrx_word' id='word_1_339' title='bbox 196 3017 295 3084; x_wconf 85' lang='lat' dir='ltr'><strong><em>ltaque,</em></strong></span> <span class='ocrx_word' id='word_1_340' title='bbox 313 3019 437 3072; x_wconf 84' lang='lat' dir='ltr'><strong><em>omnibus</em></strong></span> <span class='ocrx_word' id='word_1_341' title='bbox 447 3017 536 3070; x_wconf 80' lang='lat' dir='ltr'><strong><em>insciis</em></strong></span> <span class='ocrx_word' id='word_1_342' title='bbox 550 3035 634 3085; x_wconf 88' lang='lat' dir='ltr'><strong><em>neque</em></strong></span> <span class='ocrx_word' id='word_1_343' title='bbox 649 3016 846 3085; x_wconf 85' lang='lat' dir='ltr'><strong><em>suspicantibus,</em></strong></span> <span class='ocrx_word' id='word_1_344' title='bbox 860 3016 955 3086; x_wconf 80' lang='lat' dir='ltr'><strong><em>vigilia</em></strong></span> <span class='ocrx_word' id='word_1_345' title='bbox 966 3024 1019 3068; x_wconf 80' lang='lat' dir='ltr'><strong><em>ter·</em></strong></span> 
     </span>
     <span class='ocr_line' id='line_1_41' title="bbox 67 3084 1019 3156; baseline 0 -18"><span class='ocrx_word' id='word_1_346' title='bbox 67 3085 107 3138; x_wconf 86' lang='lat' dir='ltr'><strong><em>tia</em></strong></span> <span class='ocrx_word' id='word_1_347' title='bbox 122 3084 195 3137; x_wconf 78' lang='lat' dir='ltr'><strong><em>iubet</em></strong></span> <span class='ocrx_word' id='word_1_348' title='bbox 209 3102 297 3139; x_wconf 90' lang='lat' dir='ltr'><strong><em>omnes</em></strong></span> <span class='ocrx_word' id='word_1_349' title='bbox 306 3087 424 3156; x_wconf 74' lang='lat' dir='ltr'><strong><em>legiones</em></strong></span> <span class='ocrx_word' id='word_1_350' title='bbox 431 3103 462 3139; x_wconf 84' lang='lat' dir='ltr'><strong><em>ex</em></strong></span> <span class='ocrx_word' id='word_1_351' title='bbox 477 3086 653 3140; x_wconf 73' lang='lat' dir='ltr'><strong><em>castdsednci</em></strong></span> <span class='ocrx_word' id='word_1_352' title='bbox 667 3094 746 3152; x_wconf 80' lang='lat' dir='ltr'><strong><em>atque</em></strong></span> <span class='ocrx_word' id='word_1_353' title='bbox 757 3105 787 3139; x_wconf 88' lang='lat' dir='ltr'><strong><em>se</em></strong></span> <span class='ocrx_word' id='word_1_354' title='bbox 797 3086 919 3154; x_wconf 71' lang='lat' dir='ltr'><strong><em>mnsequi</em></strong></span> <span class='ocrx_word' id='word_1_355' title='bbox 928 3087 961 3138; x_wconf 86' lang='lat' dir='ltr'><strong><em>od</em></strong></span> <span class='ocrx_word' id='word_1_356' title='bbox 972 3102 1019 3152; x_wconf 85' lang='lat' dir='ltr'><strong><em>op·</em></strong></span> 
     </span>
     <span class='ocr_line' id='line_1_42' title="bbox 67 3149 1019 3224; baseline 0.002 -20"><span class='ocrx_word' id='word_1_357' title='bbox 67 3153 160 3222; x_wconf 83' lang='lat' dir='ltr'><strong><em>pidum</em></strong></span> <span class='ocrx_word' id='word_1_358' title='bbox 170 3153 316 3222; x_wconf 83' lang='lat' dir='ltr'><strong><em>Ruspinam</em></strong></span> <span class='ocrx_word' id='word_1_359' title='bbox 329 3149 428 3220; x_wconf 80' lang='lat' dir='ltr'><strong><em>versus,</em></strong></span> <span class='ocrx_word' id='word_1_360' title='bbox 442 3156 471 3208; x_wconf 93' lang='lat' dir='ltr'><strong><em>in</em></strong></span> <span class='ocrx_word' id='word_1_361' title='bbox 490 3173 541 3224; x_wconf 89' lang='lat' dir='ltr'><strong><em>quo</em></strong></span> <span class='ocrx_word' id='word_1_362' title='bbox 555 3156 611 3223; x_wconf 86' lang='lat' dir='ltr'><strong><em>ipse</em></strong></span> <span class='ocrx_word' id='word_1_363' title='bbox 623 3156 783 3224; x_wconf 82' lang='lat' dir='ltr'><strong><em>praesidium</em></strong></span> <span class='ocrx_word' id='word_1_364' title='bbox 794 3156 896 3221; x_wconf 84' lang='lat' dir='ltr'><strong><em>habuit,</em></strong></span> <span class='ocrx_word' id='word_1_365' title='bbox 911 3161 937 3207; x_wconf 89' lang='lat' dir='ltr'><strong><em>et</em></strong></span> <span class='ocrx_word' id='word_1_366' title='bbox 949 3151 1019 3222; x_wconf 86' lang='lat' dir='ltr'><strong><em>quod</em></strong></span> 
     </span>
     <span class='ocr_line' id='line_1_43' title="bbox 67 3223 1018 3293; baseline -0.001 -17"><span class='ocrx_word' id='word_1_367' title='bbox 67 3223 186 3291; x_wconf 84' lang='lat' dir='ltr'><strong><em>primum</em></strong></span> <span class='ocrx_word' id='word_1_368' title='bbox 195 3224 228 3275; x_wconf 92' lang='lat' dir='ltr'><strong><em>ad</em></strong></span> <span class='ocrx_word' id='word_1_369' title='bbox 243 3223 387 3277; x_wconf 81' lang='lat' dir='ltr'><strong><em>anricitiam</em></strong></span> <span class='ocrx_word' id='word_1_370' title='bbox 398 3225 454 3277; x_wconf 88' lang='lat' dir='ltr'><strong><em>eius</em></strong></span> <span class='ocrx_word' id='word_1_371' title='bbox 468 3225 583 3277; x_wconf 83' lang='lat' dir='ltr'><strong><em>accessit</em></strong></span> <span class='ocrx_word' id='word_1_372' title='bbox 601 3226 664 3277; x_wconf 89' lang='lat' dir='ltr'><strong><em>lade</em></strong></span> <span class='ocrx_word' id='word_1_373' title='bbox 674 3226 812 3292; x_wconf 73' lang='lat' dir='ltr'><strong><em>parridum</em></strong></span> <span class='ocrx_word' id='word_1_374' title='bbox 826 3224 1018 3293; x_wconf 74' lang='lat' dir='ltr'><strong><em>proclivitatem</em></strong></span> 
     </span>
     <span class='ocr_line' id='line_1_44' title="bbox 68 3291 1019 3364; baseline -0.002 -20"><span class='ocrx_word' id='word_1_375' title='bbox 68 3292 210 3361; x_wconf 76' lang='lat' dir='ltr'><strong><em>digressus,</em></strong></span> <span class='ocrx_word' id='word_1_376' title='bbox 223 3291 329 3348; x_wconf 83' lang='lat' dir='ltr'><strong><em>sinistra</em></strong></span> <span class='ocrx_word' id='word_1_377' title='bbox 340 3295 413 3361; x_wconf 79' lang='lat' dir='ltr'><strong><em>pbrte</em></strong></span> <span class='ocrx_word' id='word_1_378' title='bbox 427 3294 512 3360; x_wconf 89' lang='lat' dir='ltr'><strong><em>campi</em></strong></span> <span class='ocrx_word' id='word_1_379' title='bbox 525 3299 634 3360; x_wconf 87' lang='lat' dir='ltr'><strong><em>propter</em></strong></span> <span class='ocrx_word' id='word_1_380' title='bbox 649 3311 723 3346; x_wconf 89' lang='lat' dir='ltr'><strong><em>mare</em></strong></span> <span class='ocrx_word' id='word_1_381' title='bbox 732 3295 850 3364; x_wconf 80' lang='lat' dir='ltr'><strong><em>legiones</em></strong></span> <span class='ocrx_word' id='word_1_382' title='bbox 863 3295 941 3346; x_wconf 84' lang='lat' dir='ltr'><strong><em>ducit</em></strong></span> <span class='ocrx_word' id='word_1_383' title='bbox 965 3291 1019 3345; x_wconf 84' lang='lat' dir='ltr'><strong><em>Hie</em></strong></span> 
     </span>
     <span class='ocr_line' id='line_1_45' title="bbox 69 3361 1020 3432; baseline -0.002 -18"><span class='ocrx_word' id='word_1_384' title='bbox 69 3377 177 3428; x_wconf 81' lang='lat' dir='ltr'><strong><em>campus</em></strong></span> <span class='ocrx_word' id='word_1_385' title='bbox 190 3361 308 3416; x_wconf 86' lang='lat' dir='ltr'><strong><em>mirabili</em></strong></span> <span class='ocrx_word' id='word_1_386' title='bbox 317 3362 426 3432; x_wconf 86' lang='lat' dir='ltr'><strong><em>planitie</em></strong></span> <span class='ocrx_word' id='word_1_387' title='bbox 439 3369 510 3430; x_wconf 87' lang='lat' dir='ltr'><strong><em>patet</em></strong></span> <span class='ocrx_word' id='word_1_388' title='bbox 521 3362 598 3416; x_wconf 90' lang='lat' dir='ltr'><strong><em>milia</em></strong></span> <span class='ocrx_word' id='word_1_389' title='bbox 613 3379 736 3429; x_wconf 68' lang='lat' dir='ltr'><strong><em>manum</em></strong></span> <span class='ocrx_word' id='word_1_390' title='bbox 754 3364 902 3431; x_wconf 88' lang='lat' dir='ltr'><strong><em>quindecim</em></strong></span> <span class='ocrx_word' id='word_1_391' title='bbox 909 3382 920 3426; x_wconf 84' lang='lat'><strong><em>,-</em></strong></span> <span class='ocrx_word' id='word_1_392' title='bbox 941 3375 1020 3429; x_wconf 77' lang='lat' dir='ltr'><strong><em>quern</em></strong></span> 
     </span>
     <span class='ocr_line' id='line_1_46' title="bbox 68 3428 1020 3504; baseline -0.002 -18"><span class='ocrx_word' id='word_1_393' title='bbox 68 3429 165 3504; x_wconf 80' lang='lat' dir='ltr'><strong><em>iugum</em></strong></span> <span class='ocrx_word' id='word_1_394' title='bbox 176 3431 286 3502; x_wconf 79' lang='lat' dir='ltr'><strong><em>ingens,</em></strong></span> <span class='ocrx_word' id='word_1_395' title='bbox 303 3431 399 3488; x_wconf 89' lang='lat' dir='ltr'><strong><em>amari</em></strong></span> <span class='ocrx_word' id='word_1_396' title='bbox 415 3438 502 3486; x_wconf 88' lang='lat' dir='ltr'><strong><em>ortum</em></strong></span> <span class='ocrx_word' id='word_1_397' title='bbox 514 3449 598 3503; x_wconf 88' lang='lat' dir='ltr'><strong><em>neque</em></strong></span> <span class='ocrx_word' id='word_1_398' title='bbox 608 3431 646 3500; x_wconf 84' lang='lat' dir='ltr'><strong><em>ita</em></strong></span> <span class='ocrx_word' id='word_1_399' title='bbox 657 3434 818 3504; x_wconf 80' lang='lat' dir='ltr'><strong><em>praealmm,</em></strong></span> <span class='ocrx_word' id='word_1_400' title='bbox 835 3433 909 3488; x_wconf 82' lang='lat' dir='ltr'><strong><em>relat</em></strong></span> <span class='ocrx_word' id='word_1_401' title='bbox 921 3428 1020 3486; x_wconf 69' lang='lat' dir='ltr'><strong><em>aaut</em></strong></span> 
     </span>
    </p>
   </div>
   <div class='ocr_carea' id='block_1_3' title="bbox 0 0 1164 3809">
    <p class='ocr_par' dir='ltr' id='par_1_3' title="bbox 0 0 1164 3809">
     <span class='ocr_line' id='line_1_47' title="bbox 0 0 1164 3809; baseline 0 0"><span class='ocrx_word' id='word_1_402' title='bbox 0 0 1164 3809; x_wconf 95' lang='lat' dir='ltr'><strong><em> </em></strong></span> 
     </span>
    </p>
   </div>
  </div>
 </body>
</html>
