2317 3809
140 168 215 244 ιδ’,
292 154 295 162 ’
391 164 829 230 ,ursunnoouumeo
901 248 903 254 Ι

140 332 202 369 nere
215 312 342 381 exquisito
355 329 402 378 per
414 311 591 375 Divitiacum,
607 313 676 379 quod
697 331 730 365 ex
750 314 810 384 aliis
830 307 982 383 [Gallisiei
1002 310 1096 369 maxiss

140 402 213 439 mam
224 384 302 435 fidem
319 382 451 445 habebat,
473 386 505 433 ut
520 382 625 433 milium
641 384 753 450 amplius
771 384 960 453 quinquaginta
977 386 1096 437 circuitu

139 455 205 508 locis'
225 451 320 519 apertis
337 450 481 503 exercitum
498 451 620 515 duceret,
630 454 676 522 xde
699 460 793 519 quarta
809 454 919 521 vigilia,
936 460 966 505 ut
980 455 1095 517 dixerat,

138 524 269 591 profectus
279 525 326 573 est.
358 520 475 587 Septimo
491 520 541 583 die,
559 538 638 587 quum
652 522 701 573 iter
714 540 766 573 non
783 521 977 586 immitteret,
993 524 1027 575 ab
1043 542 1097 575 ex—

139 590 315 661 ploratoribus
328 591 424 641 certior
437 590 520 641 factus
533 596 588 651 est,
604 590 729 643 Ariovisti
742 592 830 659 copias
845 608 863 645 a
874 592 969 645 uostris
980 592 1097 645 milibus

138 676 263 733 passuum
279 663 390 725 quatuor
403 664 429 710 et
443 657 539 725 viginti
554 659 651 711 abesse.

209 728 252 781 42.
261 727 372 797 Cognito
378 726 495 779 Caesaris
511 728 630 791 adventu,
645 728 791 780 Ariovistus
801 730 902 798 legatos
914 730 948 781 ad
960 747 1021 781 eum
1027 728 1099 781 mit-

139 798 187 853 titr
206 799 360 866 quodantea
373 798 405 849 de
418 796 554 862 conloquio
572 799 742 863 postulasset,
760 798 787 849 id
808 815 855 864 per
874 816 903 850 se
923 799 982 850 lieri
999 799 1097 863 licere,

140 868 264 936 quoniam
277 866 384 933 propius
395 866 554 917 accessisset:
573 883 651 932 seque
663 868 691 918 id
704 867 760 918 sine
771 868 888 933 periculo
906 868 994 921 faeere
1014 884 1098 934 posse

140 938 296 991 existimare.
320 936 390 987 sNon
408 934 505 1001 respuit
525 936 703 995 ,concitionem
718 937 829 988 Caesar:
852 937 957 1003 iamque
974 954 1035 988 enm
1055 936 1099 989 ad

139 1007 277 1059 sanitatem
289 1004 387 1057 reverti
399 1004 588 1071 arbitrabatur,
605 1023 686 1071 quum
697 1005 740 1068 id,
755 1006 825 1071 quod
837 1012 914 1058 autea
929 1007 1026 1072 petenti
1043 1006 1097 1057 de-

139 1072 275 1158 negasset,
291 1076 361 1125 ultro
372 1074 554 1139 polliceretur3
572 1090 747 1143 magnamque
758 1076 785 1126 in
799 1073 871 1142 spem
889 1075 1024 1138 veniebat,
1041 1092 1097 1141 pro

139 1163 193 1197 aurs
209 1144 287 1195 tantis
298 1144 443 1209 Populique
458 1142 572 1193 Romani
583 1143 610 1193 iu
623 1162 683 1195 enm
697 1143 835 1207 beneficiis,
852 1144 962 1212 cognitis
975 1145 1028 1195 suis
1041 1161 1098 1211 po-

139 1213 256 1275 stulatis;
277 1212 347 1275 lore,
364 1216 410 1263 uti
431 1212 574 1279 pertinacia
595 1213 737 1265 desisteret.
772 1214 834 1265 Dies
852 1214 989 1279 conloquio
1005 1214 1099 1265 dietus

140 1287 194 1345 est,
212 1300 242 1333 ex
254 1298 285 1332 co
300 1281 342 1333 die
354 1281 466 1347 quintum
498 1278 620 1345 iuterim,
638 1298 810 1353 quamsaepe
827 1284 896 1334 ultro
916 1282 1034 1349 citroque
1051 1283 1098 1333 le-

8 1332 40 1389 „¹
72 1344 114 1395 ’Ψ
140 1352 198 1423 gati
212 1351 280 1403 iuter
295 1368 338 1401 cos
352 1350 531 1413 mitterentur,
548 1351 693 1403 Ariovistus
708 1352 864 1418 postulavit,
881 1369 914 1402 ue
927 1368 1005 1417 quem
1015 1349 1097 1418 pedi-

140 1430 195 1473 tem
208 1422 241 1471 ad
254 1420 421 1485 conloquium
433 1420 529 1471 Caesar
537 1420 688 1472 adduceret:
705 1421 790 1472 vereri
803 1439 844 1483 se,
862 1437 896 1471 ne
913 1437 960 1487 per
981 1420 1098 1473 insidias

140 1490 175 1543 ab
189 1506 220 1541 eo
230 1488 472 1545 circumveniretur:
489 1496 598 1555 uterque
611 1496 672 1541 eum
685 1490 800 1556 equitatu
812 1488 925 1541 veniret:
942 1490 997 1541 alia
1008 1489 1098 1541 ratio-

140 1576 174 1612 ne
188 1575 342 1621 senonesse
356 1563 510 1609 venturum·
538 1560 647 1622 Cacsar,
670 1559 740 1625 quod
761 1575 844 1625 neque
863 1559 1029 1625 conloquium
1048 1558 1098 1609 in-

140 1627 264 1693 terposita
272 1644 364 1678 caussa
374 1627 432 1678 tolli
445 1628 559 1689 volebat,
575 1644 658 1693 neque
671 1627 862 1679 salutemsuam
871 1627 1009 1679 Gallorum
1015 1627 1097 1693 equi·

140 1696 208 1749 tutui
223 1696 385 1747 committere
397 1696 522 1758 audebat,
548 1695 788 1747 commodissimum
808 1714 864 1748 esse
885 1697 988 1760 statuit,
1004 1696 1099 1748 omui-

139 1765 190 1818 bus
202 1764 274 1832 equis
286 1764 371 1815 Gallis
384 1764 513 1829 equitibus
528 1764 657 1836 detractis,
675 1782 706 1815 eo
717 1765 875 1833 legionarios
884 1766 983 1819 milites
1004 1765 1097 1834 legio-

126 1834 180 1887 'nis
195 1834 324 1897 decimae,
342 1833 385 1885 cui
399 1850 478 1898 qnam
490 1832 605 1884 maxime
617 1834 776 1897 considebat,
793 1834 931 1901 inponere,
947 1843 976 1887 ut
991 1834 1097 1901 praesi-

140 1904 214 1957 dium
228 1920 308 1970 quam
320 1900 515 1973 amicissimum,
532 1900 625 1969 siquid
638 1920 701 1970 opus
714 1904 783 1955 facto
792 1910 867 1966 esset,
877 1905 996 1972 haberet.
1013 1904 1097 1971 Quod

140 1984 222 2041 quum
234 1974 323 2035 lieret,
339 1988 390 2023 non
401 1971 537 2025 inridicule
550 1973 658 2038 quidam
675 1983 708 2024 ex
722 1972 851 2024 militibus
870 1973 986 2027 decimae
1005 1974 1097 2041 legio-

139 2042 181 2094 nis
197 2042 277 2093 dixit:
301 2043 375 2109 plus,
393 2059 470 2107 qoem
479 2044 610 2109 pollicitos
626 2045 716 2106 esset,
731 2044 869 2093 Gaesarem
883 2047 994 2107 faecrc3
1013 2043 1095 2109 polli-

141 2112 237 2173 citum,
256 2110 346 2177 [celiis
360 2110 468 2161 cohortis
480 2113 630 2177 praetoriae
649 2114 701 2163 loeo
719 2112 846 2164 deciorum
868 2113 996 2181 legionem
1014 2113 1107 2163 boot·

141 2187 244 2241 turum,
261 2196 327 2229 nurse
339 2180 375 2228 od
386 2196 477 2246 equum
489 2181 635 2231 rescribere.

193 2246 398 2299 “43.1Ἰιιιιίεἰοε
417 2252 473 2299 erat
498 2264 595 2316 magna
616 2253 642 2299 et
662 2247 690 2298 iu
700 2257 743 2299 'eo
757 2249 874 2300 tumulus
891 2254 1007 2300 terrenus
1028 2248 1096 2300 satis

140 2316 257 2385 grandis.
291 2316 345 2370 Hic
354 2318 427 2367 loeus
438 2334 520 2383 aequo
533 2318 588 2369 lere
600 2316 684 2382 spatio
694 2318 729 2374 ab
740 2317 831 2368 castris
853 2318 970 2384 utrisque
990 2318 1093 2382 oberat.

141 2387 190 2450 Eo,
206 2388 303 2438 uteret
314 2384 420 2448 dictum,
437 2388 471 2439 all
483 2383 651 2457 conloquium
663 2392 796 2437 venerunt.
829 2386 973 2455 Legionem
987 2388 1094 2449 Caesar,

142 2470 222 2520 quam
237 2454 311 2522 equis
321 2455 475 2517 devexerat,
492 2455 610 2521 passibus
621 2454 736 2506 ducentis
748 2452 782 2506 ab
794 2472 826 2507 eo
837 2457 940 2507 tumulo
950 2456 1093 2507 constituit.

140 2523 208 2576 Item
228 2523 325 2591 equites
345 2523 470 2575 Ariovisti
488 2524 543 2589 pari
566 2524 705 2576 intervallo
724 2525 901 2576 constiterunt.
920 2525 1094 2587 Ariovistus,

144 2608 176 2645 ox
189 2594 261 2661 equis
274 2599 303 2645 ut
317 2594 531 2659 conloquerentur
543 2600 583 2657 et,
600 2601 704 2661 praeter
725 2611 775 2657 se,
801 2594 880 2645 denos
899 2600 930 2645 ut
951 2595 984 2645 ad
1000 2596 1095 2645 conlo-

141 2660 233 2731 quium
245 2663 414 2723 adducerent,
430 2663 579 2729 postulavit.
614 2664 667 2714 Ubi
682 2680 714 2715 eo
727 2666 835 2714 ventum
850 2666 901 2725 est,
927 2664 1023 2715 Caesar
1038 2663 1093 2714 ini-

141 2730 180 2783 tio
196 2732 318 2783 orationis
332 2748 379 2783 sua
392 2732 652 2798 Senatusqucincum
659 2732 1015 2802 benefieia'commemoravit,
1023 2731 1094 2799 qood

53 2860 61 2873 ³
141 2816 187 2851 rer
202 2802 349 2867 adpretiatus
363 2809 452 2853 esseto
461 2804 567 2864 Senatu,
585 2804 653 2869 qood
667 2803 773 2871 amiens,
786 2801 854 2868 quod
861 2800 969 2871 monera
984 2803 1093 2867 amplia-

138 2869 209 2920 sima
221 2872 313 2922 misso:
324 2888 401 2938 quom
414 2889 468 2921 rem
478 2874 599 2937 etpuocis
607 2872 745 2938 contigisse
755 2877 781 2921 et
787 2888 837 2937 pro
850 2872 954 2938 magnis
962 2871 1093 2921 bemineru
1103 2924 1108 2930 ,

97 2953 100 2959 ·
142 2938 234 3005 officiis
246 2941 591 2991 concitassetribeidocebot:
602 2942 693 3004 ilium,
711 2956 789 3005 quom
799 2957 881 3006 oeque
889 2941 999 3003 aditum,
1008 2957 1092 3006 neque
1127 3003 1130 3008 ⁴

143 3024 262 3058 causeum
272 3008 420 3074 postulandi
427 3014 523 3060 iustam
537 3005 651 3072 baberet,
663 3010 781 3073 beneficio
795 3026 826 3058 ae
834 3010 991 3061 liberalitate
1002 3025 1051 3059 suo
1059 3026 1092 3061 ec

143 3076 256 3127 Senatus
271 3094 303 3127 eu
314 3078 434 3143 praemia
446 3076 613 3129 consecutum.
647 3077 764 3128 Docebat
779 3077 872 3140 etium,
893 3087 973 3146 'qoam
983 3086 1092 3141 veteres,

144 3146 271 3212 quumque
286 3146 369 3196 iustae
382 3164 488 3199 carrssae
501 3148 693 3211 necessitudinis
710 3148 772 3212 ipsis
794 3164 851 3196 eum
866 3148 965 3198 Aeduis
977 3145 1091 3198 'interre-

144 3212 250 3275 derent,
268 3231 334 3280 quae
348 3218 458 3267 Senatus
470 3216 601 3278 consulta,
619 3217 731 3283 quoties,
756 3232 883 3283 quamque
906 3217 1043 3283 honorifice
1063 3213 1091 3268 ie

145 3296 188 3331 eos
198 3284 276 3347 saeta
289 3291 385 3334 essent:
401 3291 431 3334 ut
439 3286 507 3333 ornei
519 3292 632 3351 tempore
644 3286 722 3335 totius
738 3284 841 3335 Galliae
854 3286 1027 3351 principatum
1038 3289 1090 3337 Ae·

145 3348 356 3413 decernerent,
375 3352 449 3419 prius
467 3354 547 3404 etiem
583 3370 662 3423 quom
681 3358 795 3404 nostrum
812 3355 956 3406 amicitiem
975 3356 1090 3423 adpetis-
