2317 3809
157 245 219 311 140
359 277 366 282 ,
424 251 477 307 ua
493 208 840 306 numennumen

156 395 240 457 eires,
262 391 393 460 qtmndam
408 389 521 462 integris
540 391 634 454 rebus,
656 357 931 456 rnnltum‘potuisset,
956 405 1120 456 semperque

157 469 248 518 auctor
261 478 389 514 novorum
400 461 570 514 consiliorum
577 475 704 528 magnam
714 461 784 527 apud
789 461 917 511 barbaros
928 458 1120 511 auctoritatem

157 535 280 595 baberet,
297 530 422 597 oppidum
443 532 652 593 Uxellodunum,
678 530 748 595 qued
768 529 797 580 iu
812 529 934 581 clientela
945 529 1039 580 iuerat
1053 527 1119 589 eius,

110 632 114 636 -
156 608 251 654 natura
263 599 316 651 loci
330 601 438 682 egregie
450 599 599 662 munium,
623 604 733 666 occupat
753 597 808 651 suis
822 605 848 650 et
868 596 1008 665 Drappetis
1033 596 1120 665 copiis

158 670 351 738 oppidanosque
361 669 411 720 sibi
421 669 567 736 coniungit·
933 678 941 692 ‘
968 718 971 725 ,
1135 686 1137 693 ’

171 777 176 785 .
222 738 270 808 ,di
288 740 348 805 Quo
367 755 447 804 quum
465 736 604 790 confestim
621 737 651 788 (l.
674 734 799 788 Caninius
817 735 928 788 venisset
943 735 1119 788 animadver-

160 811 284 874 teretque,
302 823 390 858 omnes
405 807 493 874 oppidi
504 814 592 874 partes
605 805 825 873 praeruptissimis
835 805 906 857 saxis
920 821 977 856 esse
986 805 1118 865 munitas,

160 893 228 945 qno,
245 876 395 928 defendente
408 877 494 940 nullo,
511 883 600 928 tamen
611 875 720 996 argutis
733 875 889 931 adscendere
902 879 969 926 esset
986 873 1118 934 difficile3

160 952 358 1016 magnaauteur
366 943 542 1011 inpedimenta
557 944 636 1012 oppid
670 961 747 997 ormu
756 944 871 1006 rideret,
888 959 957 1009 quae
969 941 994 993 si
1007 943 1119 994 claude-

159 1015 228 1068 stina
239 1017 305 1082 fuga
319 1013 472 1066 subtrahere
485 1016 663 1076 ceramum
670 1013 790 1082 effugere
799 1029 853 1064 non
864 1013 943 1063 modo
958 1011 1117 1077 equitatum,

160 1085 206 1137 sed
216 1100 249 1136 ne
256 1083 373 1150 legiones
383 1083 488 1149 quidem
500 1089 612 1151 possent,
625 1083 756 1149 tripartito
769 1081 920 1133 cohortibus
932 1078 1036 1143 divisis,
1048 1080 1119 1133 trina

162 1152 337 1206 excelsissimo
352 1153 412 1204 loco
423 1158 509 1206 castra
522 1152 600 1216 iecit,
617 1169 635 1204 a
647 1151 741 1218 quibos
754 1150 910 1218 paullatim,
926 1156 1061 1216 quantum
1074 1165 1117 1200 ce-

161 1220 936 1356 ¹‘³-“⁰dfiittitatlttffllifflititb*
949 1218 1106 1339 rara

267 1329 273 1340 ·
926 1325 937 1350 s

163 1375 213 1428 qne
226 1359 330 1411 Alesiae
342 1359 471 1412 memoria
484 1359 589 1412 solliciti
599 1359 715 1411 similem
724 1354 815 1410 msam
824 1356 979 1409 obsessionis
990 1373 1115 1408 vereren

162 1435 220 1489 tur3
238 1427 402 1494 maximeque
418 1441 451 1478 ex
469 1428 591 1480 omnibus
604 1427 754 1490 Lucterius,
771 1427 816 1494 qui
828 1425 1033 1492 iornmaeillius
1047 1424 1115 1493 peri-

163 1497 253 1550 cnlum
265 1496 371 1560 iecerat,
384 1503 509 1562 moneret,
523 1497 648 1550 frumenti
660 1496 789 1551 rationem
801 1512 857 1548 esse
868 1495 1038 1547 habendamr
1056 1511 1116 1545 con-

95 1583 99 1590 ’
143 1625 145 1631 k
162 1565 272 1620 stituunt
285 1565 402 1617 omnium
418 1581 559 1630 consensu,
575 1573 651 1634 parte
665 1565 806 1618 ibireliota
817 1565 969 1632 copiarum
985 1563 1042 1630 ipsi
1057 1579 1115 1614 cunr

163 1633 289 1701 expeditis
301 1635 336 1686 ad
346 1634 529 1701 inpertmum
542 1636 701 1688 irmneutam
711 1634 850 1701 proticisci
883 1635 923 1685 lio
933 1633 1047 1684 consilio
1057 1648 1115 1698 pro-

163 1706 234 1767 bato,
246 1704 366 1770 proxima
376 1709 458 1768 noete,
473 1705 574 1756 dnobus
582 1705 689 1757 milibus
702 1709 864 1756 moratorum
874 1700 988 1764 relictis,
999 1702 1116 1768 reliquos

164 1773 306 1894 sarrs
314 1767 1114 1910 ems

501 1881 509 1906 i

162 1911 312 1978 enpiebmrt,
328 1911 425 1978 partim
436 1912 583 1978 prohibere,
601 1911 749 1980 quominus
759 1915 906 1973 sumerent,
922 1926 974 1960 non
986 1911 1114 1974 poterant

115 1991 121 1999 ·
164 1997 291 2049 magnam
305 1997 449 2033 ¹nnmerum
469 1981 595 2033 trementi
622 1986 789 2047 comparant:
812 1993 1007 2044 nonnumquam
1027 1984 1114 2030 autem

164 2049 369 2116 expeditionibus
380 2050 511 2103 nocturnis
521 2051 629 2102 castella
638 2059 786 2102 neruoram
797 2049 959 2100 adoriuntur.
981 2045 1114 2112 Quamuis

165 2133 286 2172 earusam
305 2119 334 2170 G.
351 2118 474 2172 Caninius
492 2124 548 2172 toto
567 2120 663 2186 oppido
674 2118 831 2171 munitium
844 2117 1008 2169 circrmrdare
1028 2120 1114 2167 muta-

104 2225 106 2230 ,
165 2191 225 2250 tur,
243 2203 276 2237 ne
290 2191 336 2238 ant
348 2202 412 2253 opus
425 2189 548 2243 effecum
561 2189 631 2242 tueri
638 2205 690 2242 non
701 2186 791 2256 possit,
808 2194 855 2240 ant
864 2185 985 2254 plurimis
996 2185 1065 2236 locis
1076 2183 1113 2234 in

165 2255 245 2308 firma
255 2255 375 2321 diepam
387 2257 526 2326 praesidia.

235 2323 278 2377 85.
296 2324 397 2392 Mugna
409 2325 485 2393 copia
498 2325 624 2378 menti
635 2330 800 2394 comparata,
816 2321 1080 2390 cousidmrtlirappcs
1090 2322 1114 2369 ei

166 2391 303 2446 Lucterius
314 2410 365 2444 non
380 2394 485 2462 longius
496 2397 531 2446 ab
543 2396 640 2463 oppido
649 2397 674 2447 X
686 2395 810 2456 milibus,
826 2395 896 2445 unde
907 2392 1048 2459 paullatim
1062 2392 1113 2442 irn-

167 2469 285 2524 mentmn
297 2460 324 2513 in
342 2462 472 2530 oppinum,
482 2466 673 2532 subportarent
706 2464 761 2533 lpsi
774 2463 848 2534 inter
856 2480 885 2513 se
893 2461 1044 2528 provincias
1057 2475 1112 2526 par

166 2531 279 2584 tiuntnr:
303 2533 422 2597 Drappes
440 2533 532 2586 metris
549 2533 680 2600 praesidio
698 2550 760 2586 enm
772 2537 848 2599 purte
857 2531 991 2598 copiarum
1005 2527 1111 2587 restititi

164 2601 304 2652 ¹Lucterius
324 2615 420 2668 agmen
437 2601 612 2655 iumentorum
633 2605 668 2656 ad
687 2602 813 2670 oppidum
833 2600 946 2652 adducit.
979 2594 1113 2666 mitis

167 2668 208 2720 ibi
219 2669 363 2735 praesidiis,
379 2670 533 2722 boranoctis
551 2671 656 2725 circiter
668 2673 701 2736 x,
718 2669 881 2723 silvestribus
894 2667 1064 2737 angustisque
1073 2663 1112 2716 iti·

167 2738 273 2790 neribus
286 2739 448 2790 frumentum
461 2739 595 2807 inportare
605 2741 633 2793 in
647 2741 772 2809 oppidum
784 2738 902 2791 institnit
919 2739 1039 2805 Quorum
1052 2742 1111 2787 roe

70 2821 71 2828 ¹
162 2804 253 2873 piton
263 2807 359 2874 vigiles
371 2813 516 2860 castrorum
533 2827 616 2876 quma
633 2811 782 2872 sensissent,
798 2809 1025 2876 exploratoresque
1035 2805 1111 2861 misal,

169 2891 237 2940 quae
257 2883 410 2944 agerentur,
433 2877 641 2943 renunciassent,
665 2879 789 2932 Caninius
806 2877 926 2929 celeriter
944 2891 1006 2927 enm
1022 2875 1110 2926 cohor

164 2942 239 2996 tibus
250 2945 359 2998 armatis
372 2963 404 2997 ex
414 2947 539 3012 proximis
552 2948 667 3001 castellis
680 2949 708 3000 in
720 2946 904 3002 frumentarios
917 2945 966 2998 snb
976 2944 1064 3011 ipsam
1074 2942 1109 2991 lu·

57 3032 62 3040 ¹
168 3028 227 3066 cem
240 3012 357 3080 inpetum
370 3015 440 3068 iecit
474 3017 513 3080 ll,
530 3018 748 3086 repeatinomalo
764 3012 1066 3083 perterriti,‘ditlogiuut
1081 3005 1109 3060 ad

169 3098 218 3134 suu
231 3082 372 3148 praesidia:
391 3101 458 3151 quac
466 3085 549 3138 nostri
558 3093 589 3137 ut
598 3087 731 3150 viderunt,
749 3085 835 3138 arrius
847 3091 938 3136 contm
950 3090 1066 3135 annates
1074 3079 1109 3130 in-

169 3149 258 3214 citati,
275 3152 408 3212 neminem,
418 3171 449 3204 ex
463 3171 495 3206 eo
505 3171 615 3208 numero
625 3156 717 3208 vistim
730 3155 789 3222 capi
800 3146 942 3221 patiuntmss
964 3150 1067 3219 Effugit
1075 3148 1108 3198 iu·

169 3221 204 3272 de
217 3237 280 3282 cum
292 3221 381 3286 paucis
395 3223 543 3286 Lucterius,
559 3241 608 3276 nec
618 3241 649 3276 se
662 3224 755 3292 recipit
763 3223 791 3274 in
801 3227 895 3274 castra

238 3289 281 3340 36.
300 3291 341 3339 Re
357 3290 423 3340 bene
441 3297 530 3358 gesta,
547 3293 671 3346 Caninius
687 3311 720 3345 ex
734 3291 845 3359 captivis
856 3288 1000 3358 comperit,
1015 3290 1108 3354 partem

171 3357 306 3423 copiarum
313 3373 374 3408 cum
384 3359 515 3423 Drappete
525 3378 581 3412 esse
593 3362 621 3414 in
633 3362 726 3416 caseis
733 3361 863 3414 amitibus
875 3377 927 3411 non
936 3356 1049 3424 amplius
1060 3352 1107 3408 llll·

171 3427 232 3492 Qua
240 3443 271 3478 re
280 3443 312 3478 ex
325 3426 502 3492 compluribus
516 3430 636 3498 cognita,
652 3445 734 3499 qutun
744 3429 924 3499 intellegeret,
939 3427 1033 3497 fugato
1045 3427 1109 3478 lluoe
