2317 3809
325 211 452 280 mnu.
485 226 570 281 cnr.
587 225 713 283 ενι-ω
955 224 1000 289 u

49 365 153 428 noar,
169 363 259 432 (euius
272 364 356 435 irater·
367 362 543 435 Moritasgus,
561 364 674 417 advmtu
691 365 719 416 in
740 364 1000 441 θαῑῑίιυιβιωαιίε,
1049 402 1053 405 -

48 434 174 500 cuiusque
185 434 299 485 maiores
309 434 434 503 Regnum
445 436 634 502 obtinuerant)
652 435 798 486 interficere
813 438 919 503 publico
936 454 999 491 con·

47 502 107 553 silio
122 504 219 565 conati,
236 520 317 569 quum
330 504 378 554 ille
389 505 572 569 massanisset
582 521 614 556 ac
622 504 787 571 profugisset,
803 522 885 571 usum
895 508 1000 561 adfines

45 569 170 634 insecuti,
188 574 284 640 Regno
305 572 434 639 domoque
453 575 620 639 expulerunt:
637 578 679 636 et,
699 572 786 625 missis
803 575 837 625 ad
861 575 999 628 Caesarem

45 640 227 692 mtisiscinndi
243 656 335 691 caussa
347 642 456 709 legatis,
473 658 552 708 quum
566 642 590 693 is
600 659 705 696 omnem
718 642 753 693 od
772 659 800 692 se
818 651 936 695 senatum
952 661 999 697 vc·

44 708 103 759 nire
117 709 243 771 iussisset,
261 708 328 760 dicto
337 710 468 763 audientes
477 712 647 763 nontueruut.
673 712 789 762 Tantum
801 711 1000 777 upndbomiues

44 776 174 830 barbaros
187 778 288 840 velerit,
305 796 361 830 csse
380 786 498 846 repertos
518 779 620 845 aliquos
637 779 766 847 principes
783 780 847 831 bclli
863 781 1020 848 inferendi,⁴

44 850 203 914 tanmmque‘
211 848 331 899 omuibus
343 848 507 913 voluntatum
520 849 749 901 commutationem
761 850 863 911 adtulit,
873 857 911 913 ut,
922 866 998 917 pros-

45 924 85 966 ter
97 918 204 969 Aeduos
218 918 357 979 etllemos,
380 934 446 983 quos
459 918 599 985 praecipuo
613 934 715 985 semper
729 918 829 969 honore
838 914 934 971 Cu'esar
947 920 998 984 lna·

43 983 117 1049 buit,
136 988 293 1051 alterespro
311 992 401 1037 retero'
415 1002 447 1037 ac
464 994 588 1052 perpetua
611 1004 676 1055 erga
697 987 828 1053 Populum
847 989 998 1041 Romanunm
1076 1027 1079 1033 -

44 1053 109 1117 tide,
128 1056 227 1107 alteros
237 1070 285 1120 pro
297 1056 446 1105 recentibus
458 1056 555 1107 Gallici
567 1056 633 1107 belli
645 1055 753 1118 ciliciis,
769 1056 843 1108 nulla
861 1058 917 1109 iere
931 1057 997 1111 eiri-

30 1112 83 1173 ⁸tas
95 1124 177 1175 luerit
187 1141 239 1175 non
252 1128 371 1189 suspectu
383 1124 465 1175 nobis.
500 1124 580 1189 quue
592 1125 656 1195 odeo
666 1125 738 1175 haud
751 1124 805 1175 scio
815 1125 997 1179 mirandumne

44 1192 92 1256 sit,
110 1210 193 1259 quum
210 1192 387 1257 compluribus
402 1192 462 1244 aliis
473 1193 506 1244 do
519 1192 632 1255 caussis,
649 1200 705 1244 tum
716 1193 844 1256 maxime,
861 1196 938 1261 qnod,
949 1196 995 1262 qni

42 1260 141 1314 uirtute
154 1262 221 1313 belli
239 1260 359 1313 orombus
381 1262 504 1329 gentibus
522 1263 749 1328 praetcrebuutur,
773 1268 924 1315 tuntum-se
938 1266 996 1315 eius

42 1331 174 1395 opinionis
188 1329 370 1396 deperdidisse,
386 1337 416 1383 ut
431 1346 449 1383 o
461 1332 563 1400 Populo
575 1332 698 1384 mmo
710 1331 822 1399 imperia
842 1335 994 1401 perterrere

42 1400 346 1466 ffarbdmc'dolebunt.
930 1418 938 1429 ·

109 1500 157 1555 55.
174 1501 281 1554 Treviri
293 1520 356 1555 vero
370 1506 449 1569 utque
464 1502 655 1558 indutiomarus
677 1506 755 1558 totiru
777 1504 872 1558 hiemis
890 1507 993 1559 uuunnr

42 1573 146 1639 tempus
158 1570 369 1637 intermiserunt,
386 1570 447 1637 quin
464 1578 534 1625 trans
549 1574 674 1642 llhcnum
685 1577 787 1644 legatos
799 1575 940 1639 mitterent,
955 1575 994 1627 ci·

41 1640 138 1693 uitates
152 1640 341 1704 sollicitarent,
357 1640 479 1707 pecunias
492 1642 683 1709 pollicerentur,
699 1662 797 1713 magna
810 1651 883 1711 parte
895 1644 994 1696 exerci-

41 1714 82 1760 tus
99 1710 188 1763 nostri
201 1709 352 1773 interiecta,
369 1711 452 1761 multo
464 1712 592 1763 nunonem
605 1731 737 1781 superesse
754 1714 868 1765 dicerent
882 1722 991 1779 partem.

42 1777 134 1845 licque
148 1787 236 1831 tamen
249 1779 298 1830 ulli
312 1778 411 1839 ciuitati
425 1779 615 1833 Germanorum
626 1782 776 1847 persuaderi
787 1782 993 1847 potuit,utRlio-

42 1863 106 1901 uum
120 1844 255 1913 transiret,
267 1866 346 1913 quum
367 1866 394 1899 se
414 1845 452 1899 bio
474 1858 589 1917 expertos
605 1851 736 1913 dicerent,
752 1852 874 1902 Ariovisti
887 1852 950 1901 bello
967 1858 992 1902 et

46 1918 266 1969 'llncbtbcrorurn
278 1917 405 1979 tranuito,
422 1919 542 1968 nou'esse
558 1922 668 1985 amptius
674 1924 811 1985 fortunam
831 1918 991 1969 tentandum.

42 1985 100 2037 llac
114 2004 161 2053 spe
173 1988 262 2052 lapsus
274 1984 481 2048 Indutiomarus,
498 1985 581 2037 nihilo
595 1986 680 2038 minus
693 1987 780 2052 copias
793 2002 902 2054 cogere,
919 2004 992 2050 excr-

43 2062 154 2119 cerc,'a
166 2054 294 2105 finitumis
306 2051 385 2123 equos
398 2070 507 2121 parare,
525 2056 632 2107 .cnsules
653 2056 837 2122 damnatosque
856 2061 910 2107 totu
926 2056 993 2107 Gul·
1020 2064 1024 2069 '

42 2123 78 2175 lia
90 2122 200 2193 maguis
212 2123 335 2190 prooemiis
349 2124 382 2174 ad
395 2141 424 2174 se
434 2122 549 2179 adlicere
567 2123 661 2189 coepit.
693 2124 732 2176 Ac
753 2129 850 2175 tautum
868 2122 918 2177 sni
936 2126 991 2177 iam

43 2192 167 2251 iisrebus
183 2192 210 2244 in
226 2192 314 2243 Gallia
324 2190 504 2245 auctoritatem
512 2199 716 2258 comparaverat,
734 2193 991 2260 utundiqucadcum

42 2260 188 2331 legationes
200 2260 392 2331 concinnerunt,
409 2260 615 2331 gratiam'atquo
626 2262 770 2317 amicitiam
784 2263 889 2331 publice
900 2263 990 2331 priss-

43 2330 143 2400 timqne
154 2334 280 2398 peterent.

111 2430 156 2485 56.
172 2434 225 2485 libi
237 2433 366 2487 intellexit
377 2434 447 2486 ultro
461 2433 495 2487 sd
506 2452 534 2487 se
549 2435 650 2501 veniri,
667 2438 751 2490 alteru
766 2454 798 2489 ex
811 2440 893 2504 'parte
908 2434 989 2488 Seno-

42 2516 86 2555 nes
109 2504 287 2570 Carnutesque
306 2503 461 2555 conscicntia
485 2504 608 2557 facinoris
625 2507 755 2576 instigari,
776 2507 860 2557 altero
879 2505 997 2557 Nervios

43 2572 242 2637 Aduatucosque
251 2572 350 2634 bellum
365 2572 492 2625 Romanis
503 2582 606 2639 parare,
623 2592 706 2642 nequo
719 2574 769 2626 sibi
782 2573 989 2625 voluntariorum

44 2640 132 2707 copias
146 2642 249 2703 delore,
273 2641 295 2692 si
317 2658 348 2691 cx
364 2640 459 2692 iuribus
476 2642 528 2692 suis
553 2645 677 2711 progredi
691 2644 834 2709 coepisset:
859 2648 989 2694 armatum

45 2710 184 2762 concilium
200 2709 303 2772 indicit,
321 2711 386 2777 (lroc
408 2726 481 2761 merc
495 2710 634 2763 Gallorum
652 2718 691 2765 est
709 2712 812 2763 initium
830 2710 918 2775 belli)
938 2726 989 2777 quo

44 2777 245 2847 legecommuni
257 2794 345 2829 omnes
356 2778 466 2844 puberes
483 2780 578 2833 armati
598 2782 735 2832 convenire
753 2787 920 2843 consuerunt3
943 2779 989 2847 qui

45 2863 74 2898 cx
88 2847 122 2898 iis
134 2846 291 2905 norissimus
301 2847 390 2909 venit,
402 2848 431 2898 in
443 2855 580 2914 conspectu
601 2848 773 2901 multitudinis
790 2848 909 2899 omnssrus
929 2867 989 2901 cru-

44 2916 155 2967 ciatibus
165 2916 281 2968 adtectus
294 2923 408 2971 neostrrr.
443 2916 473 2967 ln
484 2932 515 2969 eo
530 2919 642 2970 concilio
657 2916 866 2986 Cingetorigem,
883 2918 990 2970 alterius

43 2985 330 3052 priucipcmiuctionis,
347 3002 473 3053 generum
486 3003 577 3049 snum,
596 2989 687 3054 (quem
708 3002 786 3052 supro
802 2988 990 3039 demonstreri-

44 3069 117 3117 mns,
141 3052 260 3105 Caesaris
275 3061 394 3109 secutum,
413 3050 507 3119 tidem,
531 3054 615 3106 abeo
634 3072 684 3107 non
701 3056 867 3122 discessisse)
885 3058 988 3108 hostem

44 3121 142 3175 iudicat
154 3124 273 3189 beruaque
285 3124 340 3177 uuis
352 3122 474 3190 publicat.
508 3124 559 3175 His
577 3126 655 3175 rebus
673 3124 811 3188 coniectis,
833 3125 860 3175 in
878 3125 988 3177 concilio

44 3192 204 3257 pronunciat,
220 3193 371 3267 arcessitum
383 3208 411 3243 se
421 3206 438 3242 a
447 3192 591 3244 Senonibus
603 3199 631 3243 et
638 3193 793 3245 Carnutibus
800 3194 910 3260 aliisque
916 3211 987 3245 cerna·

44 3262 161 3325 pluribus
174 3260 280 3331 Galliap
295 3260 457 3323 civitatibus,
471 3260 524 3311 buc
535 3260 585 3311 iter
604 3262 733 3314 iacturum
748 3280 795 3329 per
811 3264 874 3315 nass
888 3265 989 3315 'Remo-
1018 3278 1022 3282 ’

46 3346 118 3393 rum,
144 3346 287 3396 eorumque
305 3346 385 3399 agros
401 3331 586 3395 populaturum
603 3346 635 3381 ac
652 3332 736 3398 prius,
759 3348 838 3397 quom
854 3331 884 3382 id
896 3332 987 3393 incia

47 3398 153 3452 herieri
165 3404 252 3453 casua
262 3401 485 3469 obpugnaturumr
501 3414 569 3465 qnae
579 3400 728 3464 lierirelit,
743 3400 880 3467 praecipit.
