2317 3809
59 228 62 233 ·
156 195 198 257 36
285 234 294 293 ἵ·
421 197 636 257 DEBELLO
656 202 849 264 Gllblalco
950 195 952 200 ’

90 350 98 365 ‘
154 338 345 408 plenissimam,
370 340 491 397 detractis
504 294 655 395 cohortibus
670 342 772 395 duabus
786 346 902 411 eteonsp
902 342 1003 397 laribus
1017 343 1128 413 singil-

97 420 100 435 '
153 410 244 475 latim,
263 410 308 477 qai
329 421 488 464 commeatus
509 412 612 479 petendi
632 428 725 474 caussa
744 412 819 465 missi
836 422 927 476 erant,
952 414 1128 479 absentibus,

154 485 259 547 propter
276 480 434 547 paucitatem
456 481 643 549 despiciebant:
666 484 725 533 tum
742 482 839 545 etiarn,
856 453 927 549 qumi
941 483 1076 548 propter
1064 484 1127 535 mi

154 548 279 616 quitatem
298 549 350 601 loci
357 568 462 617 ,quum
476 550 517 632 ips
505 550 527 601 si
542 568 572 604 ex
583 550 742 603 montibus
733 569 762 601 nr
777 553 878 607 vetlem
898 552 1070 607 decurrerent
1096 559 1129 605 et

65 678 68 685 Δ
153 590 444 683 tclacuniicereirt,1ie
463 620 577 691 primum
594 620 699 687 quidem
716 638 792 687 posse
812 622 929 688 inpetum
941 638 1019 671 sunm
1033 623 1129 673 susti-

153 688 209 739 neri
226 706 279 741 ιιι.
259 687 416 741 timebant.
452 672 610 752 Accedebat,
632 690 704 755 qnod
728 707 789 743 suos
805 691 839 742 ab
852 709 880 742 se
893 690 990 741 liberos
1007 691 1127 743 abstra

154 762 208 809 ctos
224 757 344 809 obsidum
354 756 458 809 numine
474 758 613 811 dolebant.
630 767 657 809 et
670 760 805 811 Romanos
819 778 870 810 non
883 761 970 810 sulum
985 759 1126 811 itinerum

153 842 258 891 caussa,
281 827 327 877 sed
347 826 428 879 etiam
446 835 587 895 perpetuae
608 828 788 894 possessionis,
806 828 922 879 culmina
938 828 1048 894 Alpium
1072 848 1125 881 oc-

57 910 59 917 ’
153 912 249 962 cupane
271 896 359 947 conari
378 903 403 947 et
424 913 456 947 ea
475 898 536 947 loca
555 896 691 949 finitumae
706 898 858 985 provinciae
875 899 1035 966 adiungere,
1063 900 1125 951 sibi
1153 947 1155 952 .

84 1020 88 1029 ,
151 982 210 1032 pers
199 980 304 1016 ιιιιιιιιι
315 965 456 1017 habebant.

223 1034 248 1085 3
266 1034 316 1085 llis
333 1034 432 1086 nunciis
444 1033 573 1101 acceptis,
592 1016 692 1098 Galba,
709 1051 791 1101 qutun
804 1052 889 1101 neque
904 1052 968 1101 epus
984 1035 1124 1087 hiberno·

153 1120 214 1155 ιιιιιι
232 1103 439 1171 munitionesque
457 1106 531 1171 plene
549 1111 634 1157 essem
656 1106 801 1171 perlectae,
826 1122 909 1170 neque
929 1105 962 1155 de
978 1106 1123 1157 frumento
1153 1169 1154 1172 Ἴ

153 1172 306 1237 reliquoque
316 1181 464 1225 commeatu
476 1174 539 1228 satis
553 1181 620 1225 esset
632 1174 775 1240 provisum,
792 1174 878 1239 quod,
893 1172 1025 1226 deditione
1038 1175 1125 1227 faeta

155 1239 340 1307 obsidibusque
364 1243 491 1312 acceptis,
513 1243 583 1295 nihil
602 1243 722 1295 debello
739 1243 884 1294 timendum
905 1242 1122 1308 existimaverat,

84 1312 91 1324 '
154 1309 263 1361 consilio
284 1312 403 1365 celeriter
423 1318 580 1375 eonv‚oeato
606 1312 744 1364 sententias
764 1312 900 1376 exquirere
920 1311 1013 1377 coepit
1050 1313 1130 1377 Quo·

155 1379 317 1445 marieulle,
340 1398 420 1447 quoru
443 1388 544 1435 tantum
564 1381 690 1448 repentini
712 1381 826 1447 periculi
840 1386 942 1447 praeter
959 1378 1121 1446 opinionem

81 1467 87 1482 ⁴
155 1449 304 1513 occidisset,
322 1467 353 1503 ae
366 1450 421 1506 iam
436 1452 525 1504 omnia
542 1452 599 1509 lere
616 1450 751 1517 superiora
764 1451 824 1502 loca
838 1449 1006 1503 multitudine
1020 1466 1121 1501 arma·
1150 1445 1155 1464 ⁴

154 1525 242 1571 torum
263 1489 392 1587 cuirrpleta
414 1520 639 1603 conspicerentur,
668 1536 753 1585 neque
774 1520 890 1571 subsidio
907 1518 1008 1583 veniri,
1025 1536 1122 1585 neque
1153 1565 1154 1578 2

155 1596 316 1659 commeatus
334 1590 482 1655 supportari
499 1588 646 1642 interclusis
663 1588 801 1645 itineribus
819 1595 935 1670 pensent,
952 1605 1042 1654 prope
1053 1588 1121 1641 iam

155 1642 292 1723 desperata
305 1659 406 1721 salute,
423 1660 563 1710 nonnullae
576 1658 728 1709 huiusmodi
738 1658 879 1710 sententiae
890 1657 1054 1720 dicebantur,
1075 1666 1119 1722 ut,

154 1724 334 1792 inpedimentis
347 1726 461 1791 relictis,
479 1727 614 1793 eruptione
631 1727 716 1791 facta,
734 1726 827 1779 iisdem
845 1726 998 1790 itineribus,
1014 1726 1120 1792 quibus

154 1812 186 1847 eo
207 1795 397 1863 pervenissent,
415 1798 579 1849 adsalutem
592 1797 784 1849 contenderent
817 1796 916 1849 Maiori
932 1765 1019 1847 ιιιιιιιι
1034 1797 1118 1861 parti

153 1864 268 1933 placuit,
285 1864 337 1949 hoc
356 1873 489 1919 reservato
509 1864 542 1917 ad
560 1872 707 1920 extremum
720 1866 846 1931 consilio,
862 1864 1119 1919 interimreiereu-

154 1940 211 1987 tum
223 1933 335 2001 experiri
351 1941 377 1987 et
388 1942 474 2000 eastra
489 1932 634 1999 defendere.

223 2003 248 2059 4.
266 2004 606 2072 Brevispntioiuterieotn,
622 2003 668 2055 vix
687 2006 717 2055 ut
731 2002 775 2053 lais
786 2003 880 2067 rebus,
897 2018 963 2067 quas
983 2001 1117 2054 coustitu-

80 2120 84 2124 .
153 2072 249 2135 issent,
266 2074 430 2127 conlocandis
448 2084 525 2142 atque
540 2071 751 2147 administrandis
767 2077 869 2137 tempus
881 2072 1003 2135 daretur,
1018 2072 1118 2125 hostes

154 2160 186 2193 ex
206 2112 327 2193 ιιιιιιίιιιιι
344 2145 476 2209 partibus,
494 2139 569 2213 signo
591 2144 669 2225 dato,
686 2143 837 2204 decurrere,
855 2141 956 2207 lapides
975 2156 1117 2209 gaesaque

153 2211 182 2263 iu
195 2211 297 2261 vallum
307 2212 446 2267 conticere:
463 2214 544 2265 nostri
562 2214 648 2279 prirno
671 2206 781 2278 integris
793 2208 895 2261 viribus
911 2210 1014 2262 lortiter
1028 2226 1116 2276 repu

154 2296 250 2349 gnare,
268 2298 351 2347 neque
368 2284 454 2333 ullum
471 2284 570 2335 trustra
584 2283 666 2333 telum
678 2298 710 2333 cx
722 2282 782 2331 loeo
797 2279 932 2345 superiore
943 2280 1063 2331 mittere·
1082 2287 1116 2332 nt

154 2366 272 2417 quaeque
287 2367 346 2416 pars
357 2357 501 2412 castrorum
513 2352 610 2401 nudata
623 2348 800 2401 defensoribus
811 2366 897 2414 premi
887 2347 1060 2411 uidebatur,
1079 2366 1114 2400 eo

112 2468 115 2473 .
155 2436 291 2479 occurrere
308 2427 334 2471 ct
354 2421 483 2471 currilium
500 2420 585 2471 ferrer
603 2420 649 2469 sed
670 2420 724 2470 hoe
737 2417 871 2483 superari,
889 2418 959 2483 qnod
977 2386 1115 2469 diutili-ni-

154 2495 208 2541 tate
221 2504 325 2557 pugnae
349 2490 436 2541 hostes
451 2488 545 2539 delessi
558 2487 660 2555 proelio
670 2485 842 2549 excedebant,
859 2486 907 2542 alii
920 2486 1030 2555 integris
1042 2486 1113 2539 ιιιι-

153 2560 203 2611 bus
222 2558 406 2610 succedebant:
431 2574 542 2623 qnorum
563 2574 652 2609 rerum
671 2573 689 2608 ι
711 2554 816 2607 nostris
824 2562 930 2622 propter
949 2556 1113 2623 paucitatem

121 2672 127 2681 .
153 2624 212 2679 fieri
223 2627 293 2681 nihil
304 2631 407 2693 poterat
420 2644 451 2679 ac
468 2644 519 2679 non
534 2627 613 2679 ruodo
630 2627 729 2678 delesse
746 2643 780 2678 ex
795 2641 883 2696 pugna
895 2625 1045 2687 excedendi,
1062 2626 1112 2676 sed

54 2682 65 2755 ¹,
115 2688 117 2695 ’
154 2714 186 2747 ne
201 2696 289 2749 saucio
306 2695 451 2761 quidem
428 2714 484 2747 erus
499 2695 567 2760 loci,
585 2695 632 2747 ubi
650 2695 817 2759 constiterat,
837 2693 1004 2774 relinquendi
1021 2695 1111 2747 sesni

152 2764 293 2831 recipiendi
303 2766 414 2817 facultas
426 2767 544 2820 dabutur.

222 2831 247 2885 5
266 2835 378 2899 Quum
370 2851 424 2886 ιιιιι
442 2835 553 2901 amplius
568 2833 642 2887 horis
658 2850 704 2885 sex
717 2833 878 2886 continenter
893 2837 1055 2901 pugnaretur
1076 2848 1111 2885 ac

105 2944 107 2951 .
153 2920 204 2953 nnn
224 2904 309 2955 solum
325 2903 408 2967 uires,
426 2903 563 2957 sedetiam
582 2904 650 2976 tela,
667 2904 761 2955 nostris
775 2904 912 2955 deficerent
928 2911 1007 2968 atque
1017 2903 1111 2955 hostes

153 2971 239 3024 aerina
258 2972 398 3037 instarent,
420 2942 680 3041 languidioribusque
701 2973 799 3024 uostris
821 2974 923 3023 vallum
944 2971 1062 3023 scindere
1083 2980 1110 3023 et

152 3042 235 3093 lrrssas
253 3042 384 3106 complere
406 3042 562 3108 coepissent,
578 3048 672 3107 resque
684 3050 751 3094 essct
762 3042 817 3093 iam
833 3043 866 3092 ad
885 3047 1032 3095 extruuum
1045 3058 1110 3107 per-

153 3111 231 3163 ducta
254 3126 356 3170 casnm,
385 3112 415 3163 Ρ
434 3111 537 3163 Sextius
559 3112 690 3174 Baculus,
714 3110 841 3177 primipili
858 3110 1000 3175 Centurio,
1027 3128 1110 3177 quem

153 3180 265 3233 llervico
284 3178 384 3246 proelio
406 3180 584 3247 compluribus
597 3182 745 3233 conlectum
764 3180 915 3231 vulneribus
932 3179 1059 3241 dirimas,
1083 3187 1111 3232 et

153 3249 260 3304 itemC.
272 3250 432 3313 Volusenus,
450 3250 584 3301 Tribunus
605 3248 737 3313 militum,
755 3250 796 3300 vir
810 3255 836 3300 et
853 3249 955 3301 consilii
973 3250 1067 3318 magnii
1082 3256 1109 3301 et

153 3317 277 3381 virtutis,
294 3318 329 3369 ad
350 3288 463 3369 Galbam
485 3325 624 3371 accurrunt
647 3325 725 3385 atque
749 3334 829 3369 unam
850 3330 906 3370 csse
921 3336 1005 3401 spem·
1013 3318 1108 3370 salutis

153 3388 259 3454 docent,
284 3386 321 3451 si,
343 3386 479 3454 eruptione
499 3388 585 3451 laeta,
608 3394 754 3447 extremm
771 3387 901 3440 auxilium
917 3386 1107 3467 experirentur.
