2317 3809
178 215 258 281 124·
455 199 881 297 uuannaoeaunres‘

176 355 236 415 dinc
250 362 335 431 premi
344 360 477 426 wilermt,
496 358 528 413 'ex
548 362 668 415 omm‘bns
683 362 803 429 partibus
820 365 847 414 et
860 360 898 427 ii,
913 360 958 429 qui
970 358 1130 413 munitioni-

176 434 225 485 bus
236 432 443 499 continebantur,
459 437 486 483 et
499 430 535 495 ii,
553 432 599 499 qui
610 433 643 483 ad
661 432 791 483 auxilium
803 435 990 493 marcuerant,
1007 430 1130 481 cinnor-e

177 502 327 553 et-nlulatu
345 518 451 553 suornm
472 500 572 552 animos
596 500 791 552 confirmabunt.
834 500 911 565 Quod
938 499 965 550 in
985 506 1128 565 conspeetu

178 570 295 622 omnirnn
314 586 355 621 res
375 571 528 639 gerebatur,
554 586 638 637 noque
656 574 727 621 rocta
742 586 774 621 ac
795 568 906 635 turpiter
925 569 1025 619 indm
1042 567 1129 619 celari

176 645 291 707 potarat:
320 645 443 705 utrosque
465 644 491 691 ct
510 638 596 689 landis
610 637 739 706 cupiditas
759 643 785 689 et
803 638 884 689 timor
906 635 1071 705 ignominias
1093 636 1128 687 ad

176 708 301 760 virtutem
318 704 472 759 excitabant.
505 707 595 772 Quum
612 722 631 758 a
649 706 852 773 meridicprope
867 706 902 757 ad
919 706 983 757 solis
999 720 1127 757 oemsnm

177 776 258 829 dubia
274 776 385 828 victoria
407 782 581 844 pugnaretur,
599 777 725 829 Garmai
735 792 789 827 una
800 774 828 826 in
840 780 916 842 parte
928 774 1055 826 conicitis
1070 780 1127 839 tnr-

102 904 106 915 ,
176 845 268 898 misia
289 846 375 896 hostes
392 843 509 912 inpetum
532 846 662 909 iecerunt,
679 862 774 911 eosque
787 845 968 911 propulerunt:
985 842 1085 909 quibus
1098 842 1125 893 in

175 916 269 983 iugum
277 912 412 977 coniectis,
428 912 560 981 sagittarii
571 914 742 965 circumventi
758 913 940 979 interfectique
953 918 1021 963 sona
1058 913 1126 962 Item

146 1026 151 1041 ,
176 1000 208 1037 ex
223 982 330 1049 reliquie
351 982 467 1049 partibus
485 981 581 1044 nostri,
606 983 725 1035 cedendas
744 998 833 1048 usque
847 983 882 1033 ad
897 987 982 1033 castra
1004 979 1125 1041 insecuti,

175 1053 217 1105 sui
233 1050 382 1119 conligendi
397 1052 549 1103 facultatem
568 1068 620 1102 non
634 1052 766 1103 dederunt.
799 1051 835 1102 nt
855 1050 892 1113 ii,
913 1050 962 1116 qni
980 1049 1015 1101 ab
1035 1049 1125 1101 Alesia

175 1125 366 1189 processerant,
381 1119 497 1189 moesti,
509 1136 590 1187 prope
602 1118 716 1173 victoria
733 1121 882 1187 mpetum,
899 1136 928 1171 se
949 1118 978 1171 ‘m
996 1118 1125 1186 oppidum

135 1227 137 1231 ’
175 1194 372 1311 widinis.»
393 1256 435 1309 aa
452 1256 617 1321 arterium,
642 1254 729 1319 aeut,
753 1260 832 1322 aque
851 1256 904 1308 noe
919 1254 1003 1322 spone
1024 1270 1123 1324 mgna

176 1325 286 1379 matium
302 1327 433 1379 scalarum
443 1326 626 1409 harpagonum
646 1340 756 1377 numero
771 1325 879 1388 effoeto,
895 1324 984 1377 media
996 1330 1077 1376 noete
1089 1323 1123 1374 si·

168 1392 256 1447 lentio
274 1412 306 1447 cr
327 1396 418 1446 castris
439 1412 551 1463 egressi,
575 1395 610 1446 ad
631 1398 788 1461 campestres
810 1393 966 1446 munitiones
988 1394 1122 1445 acccdm

176 1464 270 1516 Subito
283 1464 399 1515 claruere
416 1465 532 1527 sublato,
549 1480 601 1530 qua
615 1462 817 1531 significatione,
834 1462 920 1529 quiin
937 1462 1035 1529 oppido
1052 1461 1122 1513 obsi-

176 1532 316 1595 debantur,
338 1533 370 1583 de
390 1548 437 1583 suo
452 1534 564 1591 muenia
585 1538 872 1600 cognosceremur,
888 1537 971 1583 crates
984 1530 1121 1597 proiicerc,

175 1600 276 1663 lundis,
292 1600 408 1669 sagittis,
419 1600 549 1667 lapidibus
557 1608 659 1653 nostm
669 1602 702 1653 ds
711 1602 784 1653 vallo
795 1602 948 1664 deturbare,
960 1600 1120 1666 reliquaque,

177 1686 246 1737 qnae
264 1671 297 1725 ed
318 1669 536 1739 obpugnationem
559 1669 701 1737 pertinent,
717 1668 907 1722 administiare.
941 1670 1043 1721 Eodem
1056 1675 1121 1720 tern-

176 1756 253 1807 pore,
278 1740 392 1791 clamore
415 1738 547 1795 exaudito.
572 1740 618 1790 dat
634 1739 699 1790 tuba
723 1738 829 1807 signnm
852 1738 907 1789 suis
925 1736 1121 1805 Vercingetorix

176 1814 254 1875 atque
265 1825 296 1859 ox
305 1807 399 1875 oppido
411 1808 506 1860 educit.
538 1806 642 1871 Nostri,
657 1812 688 1859 ut
697 1805 872 1873 superioribus
886 1808 977 1859 dicbus
991 1822 1055 1857 snus
1067 1805 1120 1856 eni-

176 1894 228 1945 que
244 1878 316 1928 loeus
332 1883 388 1929 erat
401 1877 536 1941 delinitus,
554 1875 758 1927 admonitiones
770 1876 1030 1939 semanotz'toodis,
1047 1874 1120 1926 libri-

175 1948 260 2010 libus,
282 1947 451 2012 sudibusque,
474 1962 539 2013 quas
563 1945 592 1997 in
613 1962 692 2011 opere
709 1945 906 2011 disposuerant,
931 1959 964 1994 ac
983 1942 1119 2011 glarrdibns

160 2078 163 2087 k
178 2016 269 2067 Gallos
288 2020 442 2083 perterrent.
475 2016 617 2081 Prospectu
631 2013 744 2065 tenebris
760 2015 877 2077 ademto,
894 2013 980 2065 multa
989 2013 1119 2077 utrimqne

176 2084 286 2136 vulnera
306 2084 481 2150 accipientum
504 2084 640 2150 complura
656 2082 791 2134 tormentis
804 2084 857 2134 tela
874 2081 1055 2135 coniiciuntur.
1089 2080 1120 2132 lt

176 2152 215 2205 Μ.
233 2152 358 2204 Arrtonins
370 2158 396 2203 et
408 2152 436 2203 G.
451 2152 614 2215 Trebonius,
630 2151 738 2219 legati,
755 2151 849 2218 quibus
864 2168 912 2203 cae
924 2155 1011 2217 partes
1031 2151 1067 2202 ad
1077 2150 1118 2200 dc-

176 2217 331 2273 l'endcndum
342 2222 512 2284 obvenerant,
529 2236 581 2287 qua
591 2238 623 2271 cx
637 2226 711 2285 parte
721 2226 823 2271 nostros
837 2220 921 2287 premi
934 2220 1117 2279 intellexerant,

175 2287 209 2341 iis
221 2288 319 2341 auxilio
329 2306 360 2339 ex
372 2288 536 2341 ulterioribus
551 2288 664 2343 castellis
674 2288 798 2340 deductos
808 2282 1002 2341 submittebant.

141 2416 143 2421 ¹
245 2354 287 2409 82.
306 2359 376 2409 lium
388 2356 493 2425 longius
506 2358 540 2410 ab
552 2357 697 2409 mimitione
709 2358 817 2409 aberam
828 2357 915 2421 Galli,
931 2357 992 2423 plns
1002 2356 1117 2409 multita-

176 2425 236 2477 dine
246 2427 358 2477 telorum
369 2426 553 2491 proficiebant=
570 2429 740 2494 posteaquam
753 2425 860 2493 propius
873 2432 1066 2487 successerunt,
1077 2428 1118 2475 aut

79 2553 83 2557 ,
175 2512 204 2547 sc
221 2493 273 2561 ipsi
289 2494 402 2547 stimulis
422 2494 583 2561 inopinantes
600 2494 755 2557 induebant,
783 2500 831 2547 ant
849 2495 879 2547 in
898 2496 1003 2547 scrobes
1021 2488 1118 2559 delapsi

175 2563 425 2627 transfodiebantur,
442 2570 487 2615 aut
503 2581 535 2615 ox
548 2566 620 2616 rollo
636 2580 669 2615 ac
685 2564 801 2615 turribus
814 2562 948 2628 tramiscti
959 2562 1020 2630 pilis
1032 2577 1117 2614 mura-

173 2632 243 2684 libus
257 2632 404 2685 interibant.
439 2632 531 2685 Multis
545 2632 659 2697 undique
669 2632 819 2684 vulneribus
831 2632 960 2698 acceptis,
975 2632 1050 2683 nulla
1062 2647 1117 2681 nru-

173 2700 271 2753 nitione
283 2708 420 2769 perrupta,
437 2718 518 2767 quum
527 2703 571 2754 lar
582 2702 728 2767 adpeteret,
740 2700 835 2764 veriti,
847 2718 880 2752 na
890 2702 925 2753 ab
933 2702 1019 2753 ‘latere
1029 2706 1116 2767 aperto

174 2771 396 2837 exsuperioribus
416 2770 508 2823 casbis
527 2770 663 2837 emptione
679 2769 942 2832 circumvenirentur,
960 2786 989 2820 sc
1005 2770 1041 2820 ad
1061 2782 1115 2820 snos

175 2844 333 2902 receperunt.
367 2841 402 2894 At
420 2838 570 2902 interiores,
586 2840 651 2889 dnm
669 2854 715 2901 ea,
732 2854 801 2905 quas
820 2855 838 2890 a
858 2834 1115 2905 Vercingetorigem

105 2938 111 2963 r
137 2914 139 2923 ⁴
174 2907 336 2971 eruptionem
354 2912 509 2976 praeparata
522 2912 609 2971 erant,
626 2908 773 2975 proferunt,
790 2906 890 2974 priores
901 2908 984 2959 iussas
1002 2908 1112 2974 explent3

175 2972 271 3026 diutius
285 2975 312 3027 in
325 2976 358 3029 iis
371 2979 449 3029 rebus
463 2976 674 3029 administrandis
684 2976 797 3038 morati,
813 2977 885 3043 priua
898 2992 959 3027 suos
972 2974 1113 3027 discmsiuu

175 3050 364 3110 cognoveramt,
382 3062 461 3113 qnam
475 3045 663 3099 munitionibus
684 3044 931 3113 adpropinquarent
964 3045 1021 3108 lta,
1038 3042 1113 3097 rein-

174 3112 256 3175 iecta,
272 3111 300 3163 in
317 3114 442 3182 oppidum
453 3120 621 3167 revertersmt.
715 3144 718 3149 -

242 3179 284 3233 83.
303 3181 350 3233 Bis
370 3198 468 3250 mrrgno
485 3200 546 3235 cum
563 3182 718 3235 detrimento
734 3180 832 3248 repulsi
846 3180 932 3244 Galli,
949 3179 1013 3247 quid
1030 3180 1112 3247 aguit,

73 3284 83 3308 ,
144 3260 145 3271 ¹
174 3250 549 3317 consuluntrlocornmperitos
559 3250 699 3303 adhibent:
711 3251 745 3302 ab
756 3250 1112 3317 laissnperiorameustmrnm

172 3316 236 3369 sitas
255 3313 461 3383 munitionesque
482 3326 647 3387 cofflroscunt.
680 3321 746 3370 Erat
760 3334 778 3370 a
790 3318 1017 3385 septentrionibus
1033 3314 1111 3373 collis,

174 3398 251 3450 quam
273 3391 379 3469 proptor
399 3386 608 3453 nmgnitadiasm
628 3386 752 3440 circuitus
772 3403 852 3455 opero
867 3384 1049 3454 cboumploeu‘
1065 3397 1111 3437 nm
