2317 3809
150 211 216 275 aas
304 295 343 304 ι,
423 211 838 275 'cananaeorum
914 258 920 278 ,

150 357 284 425 Sulpicius
290 359 407 411 »Pronior
417 357 521 408 l'ibone'
528 356 563 408 ad
577 357 690 421 iraham,
705 354 829 409 dimidiae
841 355 880 407 ll
890 352 1053 420 Fsuiperdm
1069 354 1105 406 ad

152 429 315 481 umanum
332 427 404 495 prius
418 426 522 478 (lessius
533 427 567 478 ad
579 427 730 478 Messanam
741 425 852 476 navibus
865 423 1008 485 advolavit,
1020 439 1104 488 quam
1121 450 1127 454 ·
1144 463 1145 484 ,

152 496 313 564 Pomponius
324 496 421 548 decim
434 496 544 546 adventu
555 501 738 563 cognoscerem
748 494 1046 576 pcrmrbatumquaeum
1055 508 1106 544 na·
1144 485 1145 572 i

114 595 117 603 ·
152 573 223 629 otus,
242 565 321 617 nullis
338 564 475 626 custodiis,
492 580 577 628 neque
596 563 730 630 ordinibus
750 561 843 625 certis,
868 577 964 628 magno
982 561 1063 626 uenio
1077 566 1106 614 et

150 635 265 688 amando
282 634 425 700 completas
435 632 569 686 onerarias
578 649 659 684 naves
671 633 748 685 tuedo
759 640 785 684 ct
798 629 856 696 piac
864 629 1104 696 etstuparaliquis-
1144 677 1145 684 ,

153 721 204 771 que
215 704 311 765 rebus,
327 718 393 769 quae
408 706 467 751 sunt
479 702 513 751 ad
524 701 659 765 incendia,
676 701 704 764 in
717 699 924 766 Pomponianam
935 700 1049 750 classem
1062 699 1107 750 in-
1144 685 1145 770 i

65 813 67 819 ,
117 791 119 793 ’
152 772 226 827 misit
243 778 322 836 atque
342 787 431 822 omncs
443 786 523 822 aeres
542 769 656 822 incendit
673 769 786 838 quinque
800 775 826 820 et
839 767 961 836 trigintar
980 767 1105 835 equibus
1144 771 1145 796 ¹

152 850 228 893 crant
237 841 495 907 vigimiconstrataer
507 844 644 905 tantusque
652 840 760 891 cotooto
768 837 847 889 timor
856 837 1105 902 incessit‚ut,qnum

153 918 222 962 essct
236 909 308 978 legio
326 907 456 976 praesidio
475 907 629 972 blessanae,
655 907 700 960 vix
718 906 843 973 oppidum
854 906 1048 958 defendereturr
1067 911 1102 970 et,

153 979 206 1032 nisi
219 995 250 1029 eo
262 979 319 1044 ipso
334 985 450 1043 tempore
463 975 571 1043 quidam
590 976 678 1028 nuncii
689 977 722 1029 de
736 975 856 1028 Gmsaris
866 975 979 1027 victoria
988 991 1035 1040 per
1048 973 1104 1025 dis-

154 1047 252 1116 positos
264 1046 363 1113 equites
374 1051 459 1098 essem
472 1045 563 1108 adlati,
578 1045 762 1099 existimabant
780 1044 911 1111 plerique,
927 1044 1050 1095 futurarm
1059 1043 1104 1096 tn-

153 1116 443 1181 manumitteretur.
468 1113 856 1181 Sedobportuuissimeuuuciis
865 1112 967 1176 adlatis,
975 1111 1104 1179 oppidum
1144 1101 1145 1126 ¹

154 1187 205 1238 fuit
220 1187 368 1248 dalensmn,
384 1183 541 1250 Cassiusque
558 1185 594 1236 ed
610 1182 789 1251 Sulpicianum
809 1182 869 1234 inde
885 1183 993 1234 classem
1012 1182 1102 1246 prole-
1144 1183 1145 1232 3

152 1264 209 1306 ctos
223 1263 261 1306 est
275 1255 408 1316 libonem,
422 1252 608 1319 adplicatisque
619 1253 700 1305 nostri
712 1253 746 1304 ad
757 1258 855 1304 terrem
868 1250 1103 1316 navibus,proptca

56 1335 60 1340 '
152 1324 274 1376 eumdum
284 1324 407 1374 timorem
419 1321 486 1386 pari,
502 1327 580 1387 etque
590 1327 674 1385 miton,
691 1321 793 1373 ratione
802 1326 918 1389 egerunt
943 1319 1048 1372 Cassius
1060 1337 1104 1370 se-
1144 1303 1145 1348 l

153 1393 265 1443 cundmn
282 1397 373 1442 nactus
391 1396 510 1450 rentum,
539 1390 673 1441 onerarias
691 1406 771 1442 naves
794 1390 898 1442 circiter
915 1387 1100 1456 quadraginin,
1144 1369 1145 1450 i

151 1466 319 1527 praeparatas
330 1461 364 1510 ml
380 1457 537 1522 incendium,
550 1457 706 1526 inmisitet,
724 1459 833 1510 flarumn
844 1459 878 1511 ab
892 1463 1001 1524 utroque
1018 1473 1102 1508 cornu
1144 1469 1145 1480 ¹

152 1529 350 1593 comprehensa,
368 1543 447 1578 naves
468 1534 528 1578 aaut
544 1528 696 1580 combustae
717 1527 837 1594 quinque.
871 1528 1011 1593 Quumque
1029 1523 1102 1592 iguis
1144 1541 1145 1548 ¹

152 1597 330 1664 magnitudine
349 1595 420 1664 venti
438 1594 518 1657 latius
534 1590 665 1662 serperet,
681 1595 795 1660 milites,
811 1595 901 1662 quiex
913 1593 1044 1646 veteribus
1059 1595 1101 1646 lo-
1144 1589 1145 1652 f

152 1665 274 1734 sionibus
281 1671 354 1718 amnt
359 1664 444 1717 relicti
453 1664 582 1730 praesidio
588 1665 706 1729 navibus,
712 1683 744 1716 ex
750 1681 859 1718 nummo
866 1679 1016 1732 aegrorum,
1021 1661 1101 1730 igno-

152 1735 263 1786 nriniam
280 1749 333 1786 non
351 1735 476 1797 tulerunt3
494 1735 539 1785 sed
560 1751 609 1786 suo
625 1741 716 1801 sponte
735 1749 814 1785 naves
833 1732 1032 1785 conscenderunt
1042 1736 1071 1782 et
1084 1745 1102 1782 ιι

151 1811 223 1856 terro
238 1803 384 1864 solverunt,
409 1803 547 1870 inpetuque
568 1805 640 1856 lacto
659 1803 687 1854 in
708 1799 860 1858 Cassianam
877 1802 1002 1863 classem,
1023 1800 1102 1866 quiu-
1144 1819 1145 1824 ¹

153 1890 288 1940 queremus
298 1874 369 1937 duas,
387 1872 415 1924 in
424 1887 536 1938 qoamm
544 1872 694 1924 alternaret
708 1872 820 1934 Cassius,
832 1876 966 1936 ceperunt:
981 1870 1027 1922 scd
1035 1869 1102 1921 Gas-

153 1942 220 2005 eins‚
237 1949 359 2008 exceptus
374 1943 484 2007 scapha,
501 1941 609 2010 refugit.
642 1943 784 1993 Praeterea
802 1941 869 1992 duae
884 1946 942 1992 sunt
954 1939 1101 2004 deprehen·
1144 1991 1145 1996 ,

153 2027 198 2064 sae
211 2011 339 2064 triremes.
373 2010 462 2075 Neque
479 2011 563 2064 multo
580 2015 639 2076 post
657 2011 689 2062 de
706 2010 805 2076 proelio
825 2010 894 2061 lacto
913 2008 941 2061 in
958 2008 1101 2060 Thessalia

153 2081 289 2147 cognitum
302 2084 355 2141 est,
373 2085 403 2132 ut
415 2079 478 2144 ipsis
488 2077 655 2146 Pompeianis
666 2078 729 2146 fides
737 2079 828 2130 tieret:
844 2095 906 2130 nam
918 2084 979 2130 autc
990 2074 1019 2128 id
1029 2082 1101 2128 'tcm-

152 2166 203 2215 pus
219 2149 285 2216 fingi
307 2147 448 2216 allegatis
467 2147 609 2213 amicisque
625 2146 744 2199 Caesaris
763 2147 963 2200 arbitrabantur.
996 2145 1101 2213 Quibus
1144 2197 1145 2200 ,

152 2220 231 2270 robus
242 2215 368 2285 cognitis,
386 2233 417 2266 ex
429 2215 462 2266 iis
470 2217 536 2268 locis
551 2215 656 2269 cassim
666 2217 822 2268 cumulasse
835 2215 960 2269 discessit.
1144 2233 1145 2240 ¹

222 2285 283 2340 102.
300 2286 396 2337 Cacsar
404 2285 528 2338 omnihus
533 2286 611 2337 rebus
623 2284 728 2348 relictis,
740 2286 943 2351 persequendum
957 2283 1009 2336 sibi
1017 2283 1100 2336 Pom-

153 2353 243 2423 peium
257 2353 430 2416 existimavit,
447 2370 622 2421 quascumque
641 2353 669 2404 in
685 2361 773 2419 partes
790 2373 821 2406 ex
836 2355 939 2422 fugasa
950 2353 1099 2419 recepisset,
1144 2415 1145 2420 ¹

152 2443 186 2476 na
201 2441 290 2476 rursus
302 2422 390 2487 copias
404 2439 557 2489 comparare
570 2422 637 2474 alias
651 2427 677 2474 et
687 2423 786 2474 bellum
799 2439 925 2474 renorma
939 2431 1038 2489 posset:
1064 2429 1098 2484 et,

51 2516 53 2523 ·
153 2501 389 2560 quamtumcumque
407 2491 507 2544 itineris
522 2493 639 2559 equitatu
656 2493 891 2558 cificore'poternt,
909 2491 1025 2558 quotidie
1036 2507 1099 2556 pro-

152 2562 334 2632 grediebatur3
345 2560 526 2628 legionemque
537 2579 618 2614 uuam
624 2560 768 2614 miaoribns
774 2560 909 2612 itineribus
914 2559 1099 2626 subsequiiue·

153 2633 195 2685 sit
228 2633 293 2684 Erat
312 2630 425 2681 edictum
442 2631 563 2698 Pompeii
579 2631 684 2682 nomine
699 2629 852 2696 Amphipoli
867 2628 1040 2696 propositum,
1058 2627 1098 2680 uti

152 2718 241 2754 omnes
252 2701 307 2752 cias
318 2698 469 2766 provinciae
477 2699 604 2762 iuniores,
624 2699 718 2752 Graeci
731 2699 852 2765 civesque
861 2697 991 2760 Romani,
1006 2697 1099 2750 iuran-

128 2815 137 2825 ,
152 2769 180 2821 di
193 2786 286 2821 course
300 2767 477 2835 convenirept3
493 2769 539 2820 sed
551 2776 640 2820 utrum
656 2767 810 2820 avertmdae
832 2766 986 2834 suspicionis
1005 2781 1098 2818 mussa

151 2839 292 2904 Pompeios
308 2837 491 2904 proposuisset,
507 2843 536 2889 ut
548 2853 629 2903 qnam
641 2836 785 2888 diutissime
799 2835 925 2904 longioris
938 2837 1020 2904 fugae
1034 2851 1097 2888 con·

152 2907 241 2960 silium
249 2909 436 2970 occultaretur
443 2906 517 2957 novis
523 2906 667 2969 dilectibus,
677 2905 704 2958 si
712 2921 788 2958 nemo
795 2911 931 2971 prorueret,
944 2903 1096 2957 blncedmi·

152 2993 198 3028 aus
205 2983 292 3027 tencre
298 2983 443 3039 conaretur,
448 2975 592 3028 existimari
602 2992 653 3027 non
664 2979 774 3042 poteret
796 2975 854 3040 lpse
863 2973 896 3027 ad
908 2990 1032 3026 ancoram
1043 2988 1096 3024 rme

151 3044 389 3107 nocteconstilitet,
396 3044 496 3096 vocetis
505 3046 539 3100 sd
546 3061 574 3096 sn
581 3042 891 3110 Amphipolihespilihus,
905 3047 931 3094 et
941 3043 1052 3108 permis
1062 3041 1096 3093 ad

151 3113 310 3167 necessarios
320 3118 419 3164 sumtus
430 3119 580 3182 conrogata,
591 3111 820 3179 cognitollaesmis
831 3112 950 3174 adventu,
958 3129 990 3162 ex
997 3111 1096 3164 colono

151 3181 270 3234 discessit
284 3187 310 3232 ct
324 3181 464 3246 Mytilenas
477 3182 567 3248 paucis
584 3181 676 3234 diebus
696 3181 775 3232 venit.
809 3180 926 3232 Biduum
942 3185 1097 3246 tempestate
1144 3221 1145 3238 ,

152 3257 275 3314 ramma,
287 3249 447 3315 naribusque
456 3250 517 3302 aliis
528 3250 623 3304 additis
632 3249 763 3312 actuariis,
774 3247 802 3301 in
815 3249 936 3301 Ciliciam
946 3255 1025 3314 atque
1036 3249 1096 3301 inde
1144 3243 1145 3310 i

152 3322 270 3387 Operum
282 3316 404 3384 pervenit
422 3318 463 3368 lbi
472 3319 615 3386 cognoscit,
627 3335 753 3372 consensu
760 3318 877 3370 ennium
884 3315 1095 3370 Antiochensium
1144 3313 1145 3402 i

81 3461 85 3467 Ι
150 3389 300 3456 ciuiumque
312 3387 568 3454 mummi
583 3387 640 3444 illio
657 3386 867 3456 sesaminum,
884 3403 972 3440 arcem
989 3393 1096 3456 mptum
1144 3411 1145 3446 ι
