2317 3809
243 182 247 189 ⁴
319 182 402 238 mn.
419 183 440 237 l.
475 179 564 235 cAP.
581 178 709 234 24-28.
952 174 991 238 11

20 326 22 331 ’
47 324 151 390 septime
165 322 354 390 advespermn
366 325 511 390 pugnatum
522 319 572 382 sit,
589 334 711 371 eversum
724 318 825 371 bostem
839 320 931 374 videre
947 339 994 375 ne·

20 432 21 435 ¹
47 392 189 461 mopotnit.
225 393 267 443 Ad
282 394 394 443 multum
403 398 505 443 noctem
518 389 599 441 etium
611 389 646 439 ud
658 388 831 454 inpedimento
847 398 993 461 pugnatum

47 468 92 524 est,
109 468 254 528 propterea
266 462 335 527 quod
351 478 397 527 pro
409 460 481 511 vulto
496 474 584 509 curros
599 458 760 517 obiecerunt,
777 464 803 509 et
821 460 907 511 eloco
916 478 994 529 supe-

46 530 147 581 riorein
162 537 267 581 nostros
278 530 408 582 venientes
422 530 475 579 telu
490 526 669 589 coniicicbunt,
685 532 712 577 et
724 527 842 578 nonnulli
855 527 923 580 inter
935 546 994 594 cnr»-

46 616 85 650 ros
95 606 224 664 rotasque
237 606 352 651 mumma
366 614 396 649 ue
409 598 526 665 tragulas
541 595 713 656 subiiciebant
732 602 884 662 nostrosque
901 599 995 649 vulne-

46 670 144 721 rabunt.
180 666 235 718 Diu
249 685 329 733 quum
342 672 408 719 esset
421 670 578 749 pugnatum,
588 664 775 731 'inpedimentis
789 665 932 732 castrisque
946 683 995 718 no-

46 738 90 789 stri
102 736 181 803 potiti
197 744 264 787 sunt.
298 736 338 787 lbi
348 735 514 803 Orgewngis
526 734 599 796 filiu,
615 741 693 799 utque
707 750 773 784 unus
790 752 805 785 e
824 734 889 785 liliis
903 741 995 802 captur

47 814 91 859 cst.
125 808 167 857 Ex
184 822 216 857 co
229 806 329 872 proelio
341 804 442 857 circiter
451 803 527 855 milio
538 802 674 857 hominum
692 803 789 853 CXXX
805 804 996 870 superfuerunt,

47 892 128 942 euque
139 879 197 927 totu
212 882 287 925 nocte
300 874 457 926 continenter
469 872 567 924 ieruut=
582 873 683 939 nullm
694 877 795 937 portem
808 873 891 924 noctis
902 873 996 925 itinere

48 943 213 1005 intermisso,
229 943 256 993 in
268 943 332 995 fines
347 941 493 1010 Lingonum
507 941 549 993 die
558 948 651 1007 quurto
661 946 844 1006 pervenerunt,
862 958 951 1009 quum,
969 946 996 996 et

47 1019 154 1081 propter
165 1012 276 1063 vulnera
288 1012 403 1075 militum
413 1017 438 1062 et
449 1016 553 1077 propter
564 1010 725 1076 sepulturam
735 1010 888 1073 occisorum,
904 1010 996 1074 nostri,

50 1084 165 1134 triduum
185 1080 296 1145 meruti,
313 1098 365 1133 eos
376 1080 449 1146 nequi
459 1096 511 1131 non
523 1078 672 1151 potuissent.
706 1080 802 1130 Caesar
815 1081 849 1130 ud
863 1079 996 1151 Lingones
1053 1124 1058 1129 .

47 1153 150 1203 litteras
161 1150 320 1216 nunciusque
331 1149 411 1213 misit,
427 1165 460 1200 ne
471 1164 515 1200 eos
526 1148 665 1210 frumento,
681 1164 746 1199 neve
759 1148 812 1199 ulio
822 1166 853 1200 re
863 1148 995 1202 innarenn

48 1219 92 1287 qui
106 1217 275 1281 siiuvissent,
290 1236 319 1271 se
333 1219 424 1269 eodem
438 1218 503 1279 loeo,
521 1234 573 1283 qno
587 1215 731 1279 Helvetios,
746 1216 906 1271 habituum.
928 1219 997 1286 Ipso,
1031 1257 1035 1263 .

48 1290 135 1343 triduo
147 1286 309 1351 intermisso,
326 1304 386 1339 cum
395 1286 515 1339 omnibus
529 1284 611 1352 copiis
624 1302 669 1337 eos
678 1285 750 1352 sequi
765 1286 858 1353 eoepit.

20 1408 21 1411 ¹
116 1388 161 1441 27.
178 1376 311 1452 Helvetii,
329 1386 445 1441 omnium
456 1402 543 1438 rerum
556 1386 647 1453 inopie
660 1387 775 1452 adducti,
793 1390 895 1458 legntos
905 1389 937 1442 de
949 1389 996 1443 de·

48 1459 148 1512 ditione
163 1458 198 1509 ud
211 1476 271 1509 eum
283 1459 416 1509 miserunt.
451 1455 504 1521 Qui
514 1472 594 1521 quum
603 1473 663 1507 cum
677 1456 705 1508 in
715 1457 807 1510 itinere
819 1458 997 1511 convenissent

47 1545 126 1595 seque
146 1528 181 1577 ud
196 1528 273 1593 pedes
291 1526 457 1594 proiecissent
475 1524 674 1591 subpliciterqne
691 1526 773 1577 locuti
794 1527 884 1579 flentes
904 1544 997 1595 pacem

48 1597 187 1666 petissent,
205 1602 282 1663 utque
295 1614 339 1648 eos
349 1595 377 1647 in
389 1612 419 1645 co
430 1595 505 1655 loco,
522 1599 643 1660 quotum
657 1601 747 1657 essent,
764 1614 840 1647 suum
856 1597 996 1648 adveutum

49 1672 199 1733 exspectare
212 1666 340 1728 iussisset,
356 1668 505 1732 putuerunt.
540 1664 579 1713 Eo
599 1668 735 1729 postquem
755 1665 852 1716 Caesar
869 1664 996 1731 pervenit,

50 1736 170 1797 obsides,
187 1750 274 1797 unna,
292 1749 393 1795 servos,
411 1730 455 1799 qui
470 1731 504 1782 ud
515 1749 559 1783 ecs
571 1731 751 1800 perfugissent,
767 1734 891 1801 poposcit
925 1734 997 1785 Dum

50 1821 83 1856 eu
95 1802 282 1869 conquiruntur
292 1808 318 1853 et
330 1802 512 1863 conteruntur,
528 1806 604 1852 nocte
618 1801 779 1864 intermissu,
796 1802 901 1855 circiter
908 1801 998 1854 homi-

52 1890 114 1923 num
128 1872 205 1923 milia
214 1872 249 1923 t]
262 1870 317 1923 eius
328 1870 408 1939 pugi,
424 1868 469 1937 qui
486 1869 648 1936 Verbigenus
666 1870 819 1936 udpellutur,
836 1870 892 1921 sive
904 1870 999 1923 timore

52 1940 198 2009 perterriti,
213 1958 247 1991 ne
257 1939 336 1993 armis
349 1938 451 1991 truditis
462 1936 590 2003 supplicio
604 1938 791 2002 adficerentur,
816 1939 873 1990 sive
895 1955 941 2006 spe
955 1955 998 1991 su·

52 2010 113 2063 lutis
126 2010 239 2073 inducti,
257 2010 339 2074 quod,
355 2008 382 2059 iu
395 2012 468 2059 tantu
479 2004 646 2057 multitudine
661 2006 854 2071 dediticiorum,
871 2008 998 2061 suumin-

53 2096 115 2149 gnm
128 2084 175 2131 aut
184 2076 324 2141 occultari,
343 2082 388 2129 unt
402 2074 507 2129 omnino
519 2073 636 2143 ignorari
649 2076 926 2141 poseeexistimurent,
942 2077 998 2145 pri-

53 2166 97 2200 mu
109 2147 223 2199 noctise
241 2146 332 2199 castris
351 2145 535 2200 Helvetiorum
553 2142 667 2213 egressi,
690 2144 726 2197 ud
743 2146 866 2202 Rhenum
883 2146 999 2215 finesque
1072 2178 1080 2185 -

55 2218 248 2269 Germanorum
260 2216 452 2267 contenderunt.

121 2318 165 2373 28.
184 2319 260 2385 Quod
275 2318 322 2369 ubi
335 2318 430 2369 Cuesur
441 2315 544 2381 resciit,
561 2330 672 2385 quorum
690 2333 738 2383 per
755 2317 820 2371 fines
835 2318 928 2384 ierunt,
945 2318 999 2389 his,

53 2390 92 2443 uti
105 2388 286 2455 conquirerent
300 2392 326 2438 et
336 2388 497 2447 reducerent,
514 2386 604 2439 nisibi
621 2386 727 2453 purgati
744 2404 799 2439 esse
818 2391 930 2453 vellent,
946 2387 999 2440 im-

55 2457 170 2526 perarit:
192 2457 310 2509 reductos
330 2455 357 2507 in
376 2452 492 2505 hostium
509 2471 619 2506 numero
637 2454 745 2508 hebuit:
766 2457 880 2523 reliquos
900 2474 1000 2521 omnes,

56 2526 197 2589 obsidione,
213 2524 307 2587 ermis,
322 2522 440 2591 perfugio
453 2524 562 2586 truditis,
578 2524 607 2575 iu
621 2524 777 2575 deditionem
790 2527 898 2593 occepit
931 2524 999 2578 Hel-

56 2596 154 2657 vectos,
171 2594 314 2662 Tulingos,
330 2592 486 2658 Latobrigos
501 2592 528 2643 in
546 2592 611 2643 fines
622 2610 698 2656 suos,
714 2594 783 2644 unde
792 2602 866 2645 erant
881 2594 999 2659 proiecti,

56 2664 151 2716 reverti
162 2663 273 2715 insultet
286 2662 363 2727 quod,
380 2661 498 2713 omnibus
506 2660 633 2713 fructibus
644 2662 754 2724 emissio,
771 2663 841 2713 domi
854 2662 922 2713 nibil
934 2669 1002 2726 erut,

57 2750 107 2801 quo
121 2734 221 2784 famem
236 2732 392 2793 tolerarent,
407 2730 593 2798 Allobrogibus
607 2730 761 2797 imperarit,
777 2737 807 2781 nt
829 2731 863 2782 iis
877 2731 1002 2783 frumenti

56 2802 159 2869 copiam
169 2802 297 2852 lucerent=
314 2800 383 2867 ipsos
397 2798 640 2866 oppidorumque,
658 2816 722 2865 quoe
736 2798 908 2864 incenderunt,
924 2801 1000 2853 resti-

56 2878 130 2923 tuere
143 2870 225 2921 iuseit.
260 2869 332 2920 Idea
343 2868 457 2919 monime
470 2866 659 2930 rationefeeit,
677 2868 747 2933 quod
765 2868 863 2939 noluit,
880 2887 941 2922 eum
960 2872 1000 2921 lo-

56 2958 125 3002 cum,
142 2939 211 2991 unde
222 2936 339 2991 Helvetii
351 2937 533 2999 discesserunt,
554 2952 663 2998 vocure3
687 2953 720 2986 ue
735 2943 840 3003 propter
858 2939 1001 2990 bonitatem

55 3024 184 3077 agrorum
198 3005 334 3068 Gennuui,
352 3007 397 3073 qui
410 3011 481 3057 truns
492 3006 616 3057 Rhenum
627 3004 758 3068 incolunt,
775 3022 790 3057 e
803 3007 856 3059 suis
867 3008 962 3060 linibus
973 3007 1002 3059 in

55 3077 241 3129 llelvetiorum
255 3074 315 3127 finis
331 3075 468 3127 transirent
481 3081 507 3125 et
518 3073 632 3125 finitumi
643 3072 746 3124 Golliue
763 3076 911 3141 provinciae
927 3076 1003 3129 Alto-

56 3146 237 3216 brogibusque
256 3149 347 3195 essent.
387 3142 482 3206 Boios,
504 3142 649 3209 petentibus
668 3142 776 3207 Aeduis,
807 3146 876 3212 quud
892 3144 1002 3214 egregie

55 3216 153 3267 virtute
169 3218 243 3267 erunt
259 3212 373 3281 cogniti,
388 3218 418 3265 ut
436 3212 464 3265 in
483 3210 578 3262 finibus
597 3210 650 3262 suis
667 3212 845 3277 conlucerent,
861 3214 1002 3266 eoncessitr

56 3285 151 3351 quibus
164 3282 207 3335 illi
222 3299 301 3351 agros
312 3283 451 3345 dederunt,
468 3296 583 3347 quosque
594 3286 684 3346 posteo
694 3280 721 3332 in
734 3298 826 3349 purum
836 3282 901 3335 iuris
921 3283 1002 3335 liber·

56 3354 170 3421 tatisque
182 3350 370 3417 conditionem,
386 3356 465 3419 utque
476 3348 528 3416 ipsi
536 3355 624 3413 munt,
639 3356 798 3418 receperunt.
966 3376 972 3393 ι
