2317 3809
152 190 194 255 98
412 194 467 249 nu
487 195 635 263 annno
655 196 840 279 ennurco

150 334 321 389 frumentaria
333 338 458 399 uteretur,
475 336 629 405 obpugnare
644 332 756 389 instituit
772 332 938 403 idqnebiduo
950 334 1120 391 circumval-

151 404 229 457 lavit:
248 406 324 457 tertio
339 404 482 457 dic‘rnissis
493 422 525 457 en
539 405 634 473 oppido
646 404 745 474 legatis
760 404 794 455 de
807 404 946 467 deditione,
964 422 1121 458 armacen-

150 474 230 537 lerri,
247 474 363 527 iumenta
375 474 492 541 produci,
509 476 555 526 DC
567 474 670 527 obsides
685 472 831 525 dariiubet
848 474 889 525 Ea
904 474 950 539 qni
962 474 1118 537 conticeret,

151 544 182 595 C.
201 544 365 595 Trebonium
381 540 510 612 legatum
530 543 666 611 relinquit:
689 542 761 608 ipse,
784 547 815 592 ut
828 559 917 609 >quam
930 543 1052 609 primum
1064 545 1120 597 iter

151 612 289 664 conticeret
302 614 438 665 Genabum
447 612 597 674 Carnutum,
610 611 851 678 proficiscimuqui,
864 620 920 663 tum
931 612 1050 678 primum
1067 616 1119 665 ab·

150 682 206 733 lato
220 681 314 732 nuncio
328 684 360 733 dc
370 682 563 749 obpugnatione
575 680 772 742 t‘etraunodunt,
782 697 862 747 quum
874 682 1049 749 longimeam
1056 700 1120 735 rem

151 750 258 803 ductum
273 750 308 803 iri
320 751 511 813 existimarent,
529 750 689 817 praesidium
703 750 803 801 Genabi
815 750 905 800 tuendi
919 767 1022 813 caussa,
1042 752 1119 818 quod

151 837 183 871 ec
203 820 348 883 mitterent,
370 820 581 885 comparabant·
604 820 665 872 lluc
688 818 768 870 biduo
788 818 919 884 pervcnit3
944 820 1039 871 castris
1053 830 1120 872 ante

151 890 275 957 oppidum
292 888 397 955 positis,
423 887 476 939 diei
494 893 611 954 ternpore
633 888 769 950 exclusus,
786 888 814 938 iu
827 894 960 953 posterum
971 889 1117 957 obpugna-

150 959 248 1010 tionem
264 958 371 1021 dillcrt,
396 972 512 1025 quaeque
531 958 565 1008 ad
583 974 642 1009 eam
654 974 711 1009 rem
726 956 786 1007 usui
798 956 864 1020 sint,
882 957 1011 1010 militibus
1025 957 1117 1025 impe

150 1035 205 1096 rat3
223 1027 333 1094 et,quod
343 1026 468 1093 oppidum
481 1026 619 1077 Genabum
632 1043 697 1094 pons
711 1024 827 1076 fluminis
835 1026 938 1094 Ligeris
949 1026 1116 1092 continebat,

150 1096 265 1167 veritus,
282 1112 314 1146 ne
328 1106 404 1147 noctu
421 1113 453 1146 ex
464 1095 558 1161 oppido
572 1096 755 1162 profugerent,
772 1096 838 1147 duas
852 1095 969 1162 legiones
987 1096 1015 1147 in
1025 1097 1116 1149 armis

150 1167 280 1217 excubare
291 1164 370 1217 iubet.
406 1164 583 1228 Genabenses,
600 1165 689 1231 paullo
705 1170 766 1215 ante
777 1163 893 1215 mediam
912 1171 1015 1215 noctem
1029 1167 1116 1217 silen-

150 1234 188 1286 tio
210 1251 242 1284 ex
262 1232 356 1301 oppido
375 1233 490 1303 egressi,
513 1234 611 1284 flumen
628 1232 740 1285 transire
761 1238 907 1299 coeperunt.
949 1234 1055 1299 Quare
1067 1252 1116 1301 per

151 1304 326 1369 exploratores
347 1302 481 1364 nunciata,
505 1302 602 1353 Cacsar
611 1302 743 1369 legiones,
761 1318 825 1368 quas
837 1300 968 1367 expeditas
982 1318 1042 1353 esse
1057 1304 1114 1355 ius-

150 1378 233 1434 serat,
258 1372 339 1439 portis
359 1370 483 1433 incensio,
506 1370 657 1424 intromittit
671 1377 748 1437 atque
762 1370 976 1437 oppidopotitur,
994 1388 1113 1437 perpau-

150 1441 187 1491 cis
201 1458 232 1491 ex
244 1440 360 1491 hostium
373 1456 481 1492 numero
495 1440 656 1501 desideratis,
673 1440 736 1506 quin
749 1440 834 1491 cuncti
852 1439 930 1507 [viti]
945 1449 1112 1506 caperentur,

150 1511 219 1577 quod
233 1508 317 1576 pontis
328 1516 405 1575 atque
420 1506 542 1559 itinerum
555 1508 693 1577 angustiae
704 1509 865 1560 multitudini
877 1509 970 1576 fugam
982 1508 1113 1561 interclu-

148 1586 244 1639 serunt.
279 1576 410 1644 Oppidum
433 1576 524 1644 diripit
540 1583 618 1644 atqne
631 1576 756 1641 incendit,
776 1577 1044 1644 praedammilitibus
1063 1580 1113 1630 do-

149 1653 210 1711 nat,
241 1648 384 1700 exercitum
400 1646 519 1717 Ligerim
544 1646 688 1699 transducit
712 1653 789 1714 atque
806 1646 835 1698 in
862 1646 1016 1717 Biturigum
1038 1648 1110 1700 fines

167 1715 274 1768 ervenit.
594 1722 598 1729 “

148 1733 165 1783 P
219 1784 261 1837 12.
278 1783 482 1854 Vercingetorix,
498 1783 546 1835 ubi
561 1784 594 1835 dc
608 1783 727 1837 Caesaris
740 1783 853 1835 adventu
866 1783 1003 1852 cognorit,
1022 1786 1111 1852 obpu-

149 1855 273 1925 gnatione
292 1854 388 1907 destitit
404 1858 481 1921 atque
504 1853 611 1905 obviam
629 1852 737 1905 Caesari
752 1853 933 1919 proficiscitur.
966 1854 1016 1906 llle
1029 1855 1110 1921 oppi-

138 1928 214 1991 ¹dum
232 1924 415 1994 [Biturignm,
438 1921 551 1990 positum
567 1922 595 1974 in
608 1922 685 1990 ria,]
699 1922 882 1974 Noviodunum
894 1924 1050 1991 obpugnare
1067 1924 1110 1975 in·

149 1994 276 2046 stituerut.
294 1995 352 2061 Quo
362 2011 391 2045 en
399 1992 493 2061 oppido
503 2010 584 2058 quum
592 1992 673 2061 legati
687 1992 719 2043 ad
732 2008 793 2042 eum
799 1991 937 2054 uenissent,
951 2000 1067 2055 eratum,
1080 2000 1110 2045 ut

150 2062 200 2115 sibi
211 2062 358 2131 ignosceret
372 2078 486 2127 suaeque
499 2062 735 2122 vitaeconsuleret3
753 2067 783 2111 ut
796 2060 929 2112 celeritate
936 2060 1052 2128 reliquas
1065 2079 1109 2113 res

150 2130 301 2194 conticeret,
319 2147 371 2198 qua
383 2132 507 2197 pleraque
517 2136 574 2183 erat
591 2135 755 2191 consecutus,
777 2145 853 2180 arma
872 2130 999 2196 proferri,
1023 2148 1108 2197 equos

149 2198 267 2267 produci,
278 2200 381 2251 obsides
394 2198 452 2250 dari
466 2200 546 2251 iubet,
569 2200 648 2251 Parte
659 2198 714 2249 iam
727 2198 848 2249 obsidrnn
863 2197 1004 2262 transdita,
1021 2216 1107 2265 quum

148 2269 252 2333 reliqua
269 2267 527 2331 administrarentur,
552 2267 751 2319 centurionibus
772 2272 798 2318 et
815 2265 905 2333 paucis
920 2267 1050 2319 militibus
1064 2269 1105 2319 in-

149 2336 291 2399 tromissis,
314 2336 358 2403 qui
371 2336 619 2403 annniurnenta'que
634 2334 828 2404 conquirerent,
845 2334 974 2403 equitatus
985 2337 1106 2389 bostium

150 2404 320 2473 proculvisus
334 2404 761 2474 est,quiagmenl‘ercingetorigis
767 2410 946 2456 antecesserat.
965 2405 1053 2471 Quem
1068 2407 1105 2458 si-

149 2477 285 2543 mulatque
304 2473 425 2541 oppidani
442 2481 628 2542 conspexerunt
640 2481 717 2540 utque
730 2474 757 2525 in
772 2490 845 2540 spem
856 2473 949 2526 auxilii
960 2484 1104 2537 uenerunt3

150 2546 265 2597 elamore
275 2544 378 2595 sublato
389 2558 464 2593 anna
478 2559 578 2609 capere,
599 2550 687 2608 portas
701 2544 837 2606 claudere,
852 2557 959 2596 murum
970 2546 1105 2609 complere

150 2618 297 2681 coeperunt.
331 2612 498 2664 Centuriones
517 2612 544 2663 in
562 2611 657 2678 oppido
668 2628 747 2679 quum
760 2624 792 2663 en
803 2611 993 2679 significatione
1008 2614 1103 2666 Gallo-

149 2700 210 2734 rum
223 2682 285 2736 novi
297 2681 397 2754 aliquid
409 2682 443 2733 ab
455 2680 498 2733 bis
509 2680 569 2743 iniri
582 2680 685 2733 consilii
693 2680 885 2745 intellexissent,
902 2680 999 2748 gladiis
1013 2682 1103 2734 distri·

150 2752 197 2803 ctis
208 2758 295 2819 portas
309 2754 514 2819 occupaverunt,
533 2766 643 2817 suosque
656 2762 745 2802 omnes
759 2749 903 2801 incolumes
913 2757 1077 2817 receperunt.

219 2820 261 2872 13.
285 2822 380 2873 Caesar
399 2836 431 2871 ex
451 2816 542 2870 castris
566 2818 709 2884 equitatum
736 2818 811 2869 educi
830 2817 903 2871 iubet
919 2820 1102 2887 proeliumque

150 2898 268 2955 equestre
283 2888 437 2941 committit:
454 2888 634 2939 laborantibus
645 2888 700 2939 iam
714 2887 768 2939 suis
779 2888 922 2939 Gennanos
933 2888 1033 2955 equites
1048 2891 1100 2941 cir-

150 2958 215 3009 citer
225 2958 269 3009 GD
280 2958 422 3020 submittit,
439 2972 502 3024 qnos
515 2957 548 3008 ab
561 2956 637 3009 initio
649 2972 736 3011 secum
746 2956 844 3009 habere
855 2956 1012 3011 instituerat.
1044 2961 1100 3012 Εο-

149 3044 209 3079 rum
227 3027 342 3095 inpetum
363 3025 434 3079 Galli
455 3025 581 3079 sustinere
591 3042 643 3077 non
655 3031 794 3093 potuerunt
803 3031 881 3091 atque
890 3024 919 3077 in
932 3027 1026 3096 iugum
1037 3045 1099 3080 con·

150 3095 225 3161 ieeti,
250 3092 339 3147 multis
354 3095 472 3158 amissis,
489 3112 517 3147 se
529 3096 563 3147 ad
577 3110 673 3164 agmen
685 3103 849 3160 receperunt:
867 3094 960 3163 quibus
972 3098 1098 3167 profliga-

151 3165 199 3228 tis,
222 3182 310 3217 rursus
332 3164 454 3230 oppidani
466 3164 596 3229 perterriti
606 3163 803 3229 comprehensos
815 3182 876 3228 eos,
892 3181 1005 3231 quorum
1019 3182 1099 3234 opera

104 3256 109 3261 ·
149 3235 257 3301 plebem
265 3232 420 3284 concitatam
434 3232 630 3296 existimabant,
648 3234 681 3284 ad
696 3232 833 3283 Caesarem
847 3234 1023 3298 perduxerunt
1031 3252 1098 3287 sese-
1138 3245 1139 3252 ’

150 3320 200 3370 que
215 3303 239 3354 ei
257 3301 414 3353 dediderunt.
457 3301 558 3367 Quibus
572 3303 650 3353 rebus
664 3301 800 3365 conlectis,
815 3303 912 3354 Caesar
923 3304 957 3355 ad
973 3304 1098 3370 oppidum

149 3372 305 3431 Araricum,
327 3368 395 3435 qnod
414 3374 470 3439 erat
483 3370 629 3451 maximnm
641 3367 894 3438 munitissimumque
904 3370 932 3423 in
946 3372 1043 3426 linibus
1049 3373 1097 3427 Bi·
