<?xml version="1.0" encoding="UTF-8"?>
<!DOCTYPE html PUBLIC "-//W3C//DTD XHTML 1.0 Transitional//EN"
    "http://www.w3.org/TR/xhtml1/DTD/xhtml1-transitional.dtd">
<html xmlns="http://www.w3.org/1999/xhtml" xml:lang="en" lang="en">
 <head>
  <title>
</title>
<meta http-equiv="Content-Type" content="text/html;charset=utf-8" />
  <meta name='ocr-system' content='tesseract 3.04.00' />
  <meta name='ocr-capabilities' content='ocr_page ocr_carea ocr_par ocr_line ocrx_word'/>
</head>
<body>
  <div class='ocr_page' id='page_1' title='image "./cjuliicaesarisc04caesgoog_0214.png"; bbox 0 0 2317 3809; ppageno 0'>
   <div class='ocr_carea' id='block_1_1' title="bbox 156 161 907 293">
    <p class='ocr_par' dir='ltr' id='par_1_1' title="bbox 156 161 907 293">
     <span class='ocr_line' id='line_1_1' title="bbox 156 161 907 293; baseline -0.001 -28"><span class='ocrx_word' id='word_1_1' title='bbox 156 201 216 265; x_wconf 85' lang='lat'>194</span> <span class='ocrx_word' id='word_1_2' title='bbox 449 206 515 262; x_wconf 76' lang='lat' dir='ltr'>ou</span> <span class='ocrx_word' id='word_1_3' title='bbox 532 207 672 293; x_wconf 76' lang='lat' dir='ltr'>alc-uno</span> <span class='ocrx_word' id='word_1_4' title='bbox 690 161 825 284; x_wconf 60' lang='lat' dir='ltr'>cruror</span> <span class='ocrx_word' id='word_1_5' title='bbox 904 200 907 203; x_wconf 87' lang='grc'>’</span> 
     </span>
    </p>
   </div>
   <div class='ocr_carea' id='block_1_2' title="bbox 114 344 1116 696">
    <p class='ocr_par' dir='ltr' id='par_1_2' title="bbox 114 344 1116 696">
     <span class='ocr_line' id='line_1_2' title="bbox 151 344 1116 420; baseline 0.001 -18"><span class='ocrx_word' id='word_1_6' title='bbox 151 347 297 420; x_wconf 86' lang='lat' dir='ltr'>pinquitate</span> <span class='ocrx_word' id='word_1_7' title='bbox 313 353 339 402; x_wconf 90' lang='lat' dir='ltr'>et</span> <span class='ocrx_word' id='word_1_8' title='bbox 356 363 439 416; x_wconf 83' lang='lat' dir='ltr'>aquae</span> <span class='ocrx_word' id='word_1_9' title='bbox 453 353 480 402; x_wconf 88' lang='lat' dir='ltr'>et</span> <span class='ocrx_word' id='word_1_10' title='bbox 495 347 557 401; x_wconf 78' lang='lat' dir='ltr'>ralis</span> <span class='ocrx_word' id='word_1_11' title='bbox 568 344 660 417; x_wconf 87' lang='lat' dir='ltr'>copia,</span> <span class='ocrx_word' id='word_1_12' title='bbox 678 351 752 402; x_wconf 83' lang='lat' dir='ltr'>onius</span> <span class='ocrx_word' id='word_1_13' title='bbox 766 365 865 420; x_wconf 72' lang='lat' dir='ltr'>magna</span> <span class='ocrx_word' id='word_1_14' title='bbox 877 350 918 403; x_wconf 85' lang='lat' dir='ltr'>vis</span> <span class='ocrx_word' id='word_1_15' title='bbox 932 349 990 402; x_wconf 83' lang='lat' dir='ltr'>ism</span> <span class='ocrx_word' id='word_1_16' title='bbox 1003 367 1036 403; x_wconf 83' lang='lat' dir='ltr'>er</span> <span class='ocrx_word' id='word_1_17' title='bbox 1049 367 1116 418; x_wconf 84' lang='lat' dir='ltr'>prc-</span> 
     </span>
     <span class='ocr_line' id='line_1_3' title="bbox 151 418 1115 488; baseline -0.002 -15"><span class='ocrx_word' id='word_1_18' title='bbox 151 421 230 473; x_wconf 81' lang='lat' dir='ltr'>ximis</span> <span class='ocrx_word' id='word_1_19' title='bbox 249 423 305 471; x_wconf 83' lang='lat' dir='ltr'>erat</span> <span class='ocrx_word' id='word_1_20' title='bbox 320 419 410 470; x_wconf 85' lang='lat' dir='ltr'>salinis</span> <span class='ocrx_word' id='word_1_21' title='bbox 431 436 461 471; x_wconf 86' lang='lat' dir='ltr'>eo</span> <span class='ocrx_word' id='word_1_22' title='bbox 481 425 614 488; x_wconf 82' lang='lat' dir='ltr'>congesta.</span> <span class='ocrx_word' id='word_1_23' title='bbox 647 418 708 471; x_wconf 86' lang='lat' dir='ltr'>Non</span> <span class='ocrx_word' id='word_1_24' title='bbox 720 421 833 472; x_wconf 85' lang='lat' dir='ltr'>materia</span> <span class='ocrx_word' id='word_1_25' title='bbox 847 421 1016 474; x_wconf 84' lang='lat' dir='ltr'>multitudine</span> <span class='ocrx_word' id='word_1_26' title='bbox 1032 423 1115 472; x_wconf 85' lang='lat' dir='ltr'>arbe-</span> 
     </span>
     <span class='ocr_line' id='line_1_4' title="bbox 151 487 1115 559; baseline 0 -17"><span class='ocrx_word' id='word_1_27' title='bbox 151 507 227 552; x_wconf 87' lang='lat' dir='ltr'><strong>rum,</strong></span> <span class='ocrx_word' id='word_1_28' title='bbox 244 504 296 540; x_wconf 92' lang='lat' dir='ltr'>non</span> <span class='ocrx_word' id='word_1_29' title='bbox 310 489 479 551; x_wconf 78' lang='lat' dir='ltr'>frumentum,</span> <span class='ocrx_word' id='word_1_30' title='bbox 497 487 570 539; x_wconf 85' lang='lat' dir='ltr'>cuins</span> <span class='ocrx_word' id='word_1_31' title='bbox 584 493 660 540; x_wconf 82' lang='lat' dir='ltr'>erant</span> <span class='ocrx_word' id='word_1_32' title='bbox 672 489 816 556; x_wconf 80' lang='lat' dir='ltr'>plenissimi</span> <span class='ocrx_word' id='word_1_33' title='bbox 832 490 905 559; x_wconf 83' lang='lat' dir='ltr'>agri,</span> <span class='ocrx_word' id='word_1_34' title='bbox 929 491 1042 542; x_wconf 84' lang='lat' dir='ltr'>delicere</span> <span class='ocrx_word' id='word_1_35' title='bbox 1062 507 1115 557; x_wconf 90' lang='lat' dir='ltr'>po-</span> 
     </span>
     <span class='ocr_line' id='line_1_5' title="bbox 152 557 1115 628; baseline 0 -16"><span class='ocrx_word' id='word_1_36' title='bbox 152 563 228 612; x_wconf 86' lang='lat' dir='ltr'>terat.</span> <span class='ocrx_word' id='word_1_37' title='bbox 263 557 354 624; x_wconf 87' lang='lat' dir='ltr'>ltaque</span> <span class='ocrx_word' id='word_1_38' title='bbox 375 557 493 610; x_wconf 87' lang='lat' dir='ltr'>omnium</span> <span class='ocrx_word' id='word_1_39' title='bbox 515 573 624 608; x_wconf 86' lang='lat' dir='ltr'>suorum</span> <span class='ocrx_word' id='word_1_40' title='bbox 648 575 775 612; x_wconf 88' lang='lat' dir='ltr'>consensu</span> <span class='ocrx_word' id='word_1_41' title='bbox 788 559 869 612; x_wconf 85' lang='lat' dir='ltr'>Curio</span> <span class='ocrx_word' id='word_1_42' title='bbox 888 560 1004 628; x_wconf 80' lang='lat' dir='ltr'>reliquas</span> <span class='ocrx_word' id='word_1_43' title='bbox 1021 559 1115 628; x_wconf 78' lang='lat' dir='ltr'>copiae</span> 
     </span>
     <span class='ocr_line' id='line_1_6' title="bbox 114 625 696 696; baseline -0.007 -14"><span class='ocrx_word' id='word_1_44' title='bbox 114 641 116 647; x_wconf 83' lang='grc'>’</span> <span class='ocrx_word' id='word_1_45' title='bbox 152 633 302 696; x_wconf 78' lang='lat' dir='ltr'>exspectare</span> <span class='ocrx_word' id='word_1_46' title='bbox 314 634 340 680; x_wconf 90' lang='lat' dir='ltr'>et</span> <span class='ocrx_word' id='word_1_47' title='bbox 350 629 451 680; x_wconf 88' lang='lat' dir='ltr'>bellum</span> <span class='ocrx_word' id='word_1_48' title='bbox 466 625 560 678; x_wconf 86' lang='lat' dir='ltr'>ducere</span> <span class='ocrx_word' id='word_1_49' title='bbox 572 627 696 694; x_wconf 84' lang='lat' dir='ltr'>perabat.</span> 
     </span>
    </p>
   </div>
   <div class='ocr_carea' id='block_1_3' title="bbox 73 724 1140 1964">
    <p class='ocr_par' dir='ltr' id='par_1_3' title="bbox 73 724 1140 1962">
     <span class='ocr_line' id='line_1_7' title="bbox 204 724 1112 800; baseline 0.002 -18"><span class='ocrx_word' id='word_1_50' title='bbox 204 724 207 729; x_wconf 74' lang='grc'><strong>’</strong></span> <span class='ocrx_word' id='word_1_51' title='bbox 221 729 263 783; x_wconf 83' lang='grc'>38.</span> <span class='ocrx_word' id='word_1_52' title='bbox 282 729 333 782; x_wconf 85' lang='lat' dir='ltr'>His</span> <span class='ocrx_word' id='word_1_53' title='bbox 347 729 491 784; x_wconf 86' lang='lat' dir='ltr'>constitutis</span> <span class='ocrx_word' id='word_1_54' title='bbox 506 729 599 793; x_wconf 85' lang='lat' dir='ltr'>rebus,</span> <span class='ocrx_word' id='word_1_55' title='bbox 614 731 782 798; x_wconf 73' lang='lat' dir='ltr'>probatisque</span> <span class='ocrx_word' id='word_1_56' title='bbox 794 729 926 795; x_wconf 86' lang='lat' dir='ltr'>consiliis,</span> <span class='ocrx_word' id='word_1_57' title='bbox 944 749 976 784; x_wconf 85' lang='lat' dir='ltr'>cr</span> <span class='ocrx_word' id='word_1_58' title='bbox 991 731 1112 800; x_wconf 81' lang='lat' dir='ltr'>perlegis</span> 
     </span>
     <span class='ocr_line' id='line_1_8' title="bbox 152 799 1113 868; baseline 0.002 -16"><span class='ocrx_word' id='word_1_59' title='bbox 152 800 309 868; x_wconf 89' lang='lat' dir='ltr'>quibusdam</span> <span class='ocrx_word' id='word_1_60' title='bbox 321 799 456 867; x_wconf 86' lang='lat' dir='ltr'>oppidanis</span> <span class='ocrx_word' id='word_1_61' title='bbox 474 799 563 864; x_wconf 82' lang='lat' dir='ltr'>audit,</span> <span class='ocrx_word' id='word_1_62' title='bbox 579 800 690 865; x_wconf 81' lang='lat' dir='ltr'>Iubam,</span> <span class='ocrx_word' id='word_1_63' title='bbox 706 808 861 854; x_wconf 76' lang='lat' dir='ltr'>revocatum</span> <span class='ocrx_word' id='word_1_64' title='bbox 872 799 984 852; x_wconf 85' lang='lat' dir='ltr'>finitimo</span> <span class='ocrx_word' id='word_1_65' title='bbox 998 801 1068 853; x_wconf 89' lang='lat' dir='ltr'>bello</span> <span class='ocrx_word' id='word_1_66' title='bbox 1084 807 1113 854; x_wconf 87' lang='lat' dir='ltr'>ct</span> 
     </span>
     <span class='ocr_line' id='line_1_9' title="bbox 151 868 1113 939; baseline 0.003 -18"><span class='ocrx_word' id='word_1_67' title='bbox 151 869 334 923; x_wconf 79' lang='lat' dir='ltr'>controversiis</span> <span class='ocrx_word' id='word_1_68' title='bbox 347 868 560 935; x_wconf 74' lang='lat' dir='ltr'>Leptitanorum,</span> <span class='ocrx_word' id='word_1_69' title='bbox 576 868 704 922; x_wconf 76' lang='lat' dir='ltr'>restitisse</span> <span class='ocrx_word' id='word_1_70' title='bbox 720 870 747 922; x_wconf 90' lang='lat' dir='ltr'>in</span> <span class='ocrx_word' id='word_1_71' title='bbox 763 868 872 939; x_wconf 65' lang='lat' dir='ltr'>Regum</span> <span class='ocrx_word' id='word_1_72' title='bbox 891 871 1037 933; x_wconf 81' lang='lat' dir='ltr'>Sabotam,</span> <span class='ocrx_word' id='word_1_73' title='bbox 1054 869 1113 924; x_wconf 83' lang='lat' dir='ltr'>eius</span> 
     </span>
     <span class='ocr_line' id='line_1_10' title="bbox 151 937 1112 1006; baseline -0.002 -14"><span class='ocrx_word' id='word_1_74' title='bbox 151 941 335 1002; x_wconf 79' lang='lat' dir='ltr'>Praefectum,</span> <span class='ocrx_word' id='word_1_75' title='bbox 352 955 413 991; x_wconf 89' lang='lat' dir='ltr'>cum</span> <span class='ocrx_word' id='word_1_76' title='bbox 428 937 605 998; x_wconf 70' lang='lat' dir='ltr'>mediocribus</span> <span class='ocrx_word' id='word_1_77' title='bbox 622 938 703 1006; x_wconf 85' lang='lat' dir='ltr'>copiis</span> <span class='ocrx_word' id='word_1_78' title='bbox 718 940 844 1002; x_wconf 77' lang='lat' dir='ltr'>missurn,</span> <span class='ocrx_word' id='word_1_79' title='bbox 859 939 956 1005; x_wconf 76' lang='lat' dir='ltr'>Uticae</span> <span class='ocrx_word' id='word_1_80' title='bbox 969 939 1112 1006; x_wconf 84' lang='lat' dir='ltr'>adpropin-</span> 
     </span>
     <span class='ocr_line' id='line_1_11' title="bbox 152 1007 1112 1076; baseline 0.001 -15"><span class='ocrx_word' id='word_1_81' title='bbox 152 1026 242 1076; x_wconf 89' lang='lat' dir='ltr'>quare.</span> <span class='ocrx_word' id='word_1_82' title='bbox 276 1007 327 1062; x_wconf 78' lang='lat' dir='ltr'>His</span> <span class='ocrx_word' id='word_1_83' title='bbox 343 1007 495 1061; x_wconf 87' lang='lat' dir='ltr'>auctoribus</span> <span class='ocrx_word' id='word_1_84' title='bbox 511 1014 610 1062; x_wconf 89' lang='lat' dir='ltr'>temere</span> <span class='ocrx_word' id='word_1_85' title='bbox 626 1010 746 1073; x_wconf 87' lang='lat' dir='ltr'>credens,</span> <span class='ocrx_word' id='word_1_86' title='bbox 763 1008 1112 1075; x_wconf 22' lang='lat' dir='ltr'>,consiliumcommutatet</span> 
     </span>
     <span class='ocr_line' id='line_1_12' title="bbox 151 1077 1111 1146; baseline 0.001 -16"><span class='ocrx_word' id='word_1_87' title='bbox 151 1079 255 1146; x_wconf 84' lang='lat' dir='ltr'>proelio</span> <span class='ocrx_word' id='word_1_88' title='bbox 273 1093 330 1130; x_wconf 87' lang='lat' dir='ltr'>rem</span> <span class='ocrx_word' id='word_1_89' title='bbox 353 1077 516 1130; x_wconf 84' lang='lat' dir='ltr'>committere</span> <span class='ocrx_word' id='word_1_90' title='bbox 536 1077 676 1130; x_wconf 87' lang='lat' dir='ltr'>constituit.</span> <span class='ocrx_word' id='word_1_91' title='bbox 711 1079 829 1136; x_wconf 84' lang='lat' dir='ltr'>Multum</span> <span class='ocrx_word' id='word_1_92' title='bbox 843 1079 878 1131; x_wconf 90' lang='lat' dir='ltr'>ad</span> <span class='ocrx_word' id='word_1_93' title='bbox 890 1079 959 1131; x_wconf 84' lang='lat' dir='ltr'>banc</span> <span class='ocrx_word' id='word_1_94' title='bbox 976 1095 1033 1129; x_wconf 88' lang='lat' dir='ltr'>rem</span> <span class='ocrx_word' id='word_1_95' title='bbox 1047 1095 1111 1145; x_wconf 87' lang='lat' dir='ltr'>pre·</span> 
     </span>
     <span class='ocr_line' id='line_1_13' title="bbox 150 1145 1111 1216; baseline 0 -16"><span class='ocrx_word' id='word_1_96' title='bbox 150 1149 266 1200; x_wconf 83' lang='lat' dir='ltr'>bandam</span> <span class='ocrx_word' id='word_1_97' title='bbox 279 1147 387 1200; x_wconf 81' lang='lat' dir='ltr'>adiurat</span> <span class='ocrx_word' id='word_1_98' title='bbox 401 1145 590 1210; x_wconf 87' lang='lat' dir='ltr'>adolescentia,</span> <span class='ocrx_word' id='word_1_99' title='bbox 607 1147 762 1216; x_wconf 83' lang='lat' dir='ltr'>magnitudo</span> <span class='ocrx_word' id='word_1_100' title='bbox 774 1147 872 1211; x_wconf 88' lang='lat' dir='ltr'>animi,</span> <span class='ocrx_word' id='word_1_101' title='bbox 889 1145 1030 1214; x_wconf 88' lang='lat' dir='ltr'>superioris</span> <span class='ocrx_word' id='word_1_102' title='bbox 1043 1156 1111 1200; x_wconf 87' lang='lat' dir='ltr'>tem-</span> 
     </span>
     <span class='ocr_line' id='line_1_14' title="bbox 150 1213 1109 1286; baseline 0 -18"><span class='ocrx_word' id='word_1_103' title='bbox 150 1217 223 1285; x_wconf 86' lang='lat' dir='ltr'>poris</span> <span class='ocrx_word' id='word_1_104' title='bbox 235 1223 387 1282; x_wconf 79' lang='lat' dir='ltr'>proventus,</span> <span class='ocrx_word' id='word_1_105' title='bbox 404 1215 500 1268; x_wconf 87' lang='lat' dir='ltr'>fiducia</span> <span class='ocrx_word' id='word_1_106' title='bbox 512 1213 552 1268; x_wconf 90' lang='lat' dir='ltr'>rei</span> <span class='ocrx_word' id='word_1_107' title='bbox 568 1217 635 1267; x_wconf 87' lang='lat' dir='ltr'>bene</span> <span class='ocrx_word' id='word_1_108' title='bbox 650 1217 789 1286; x_wconf 78' lang='lat' dir='ltr'>gerendae.</span> <span class='ocrx_word' id='word_1_109' title='bbox 824 1217 875 1270; x_wconf 88' lang='lat' dir='ltr'>His</span> <span class='ocrx_word' id='word_1_110' title='bbox 890 1218 968 1268; x_wconf 87' lang='lat' dir='ltr'>rebus</span> <span class='ocrx_word' id='word_1_111' title='bbox 981 1215 1109 1284; x_wconf 86' lang='lat' dir='ltr'>inpulsus,</span> 
     </span>
     <span class='ocr_line' id='line_1_15' title="bbox 152 1285 1110 1352; baseline 0.001 -15"><span class='ocrx_word' id='word_1_112' title='bbox 152 1287 297 1352; x_wconf 74' lang='lat' dir='ltr'>equitatum</span> <span class='ocrx_word' id='word_1_113' title='bbox 311 1302 416 1338; x_wconf 90' lang='lat' dir='ltr'>omnem</span> <span class='ocrx_word' id='word_1_114' title='bbox 428 1285 604 1350; x_wconf 83' lang='lat' dir='ltr'>prima-nocte</span> <span class='ocrx_word' id='word_1_115' title='bbox 616 1285 650 1336; x_wconf 87' lang='lat' dir='ltr'>ad</span> <span class='ocrx_word' id='word_1_116' title='bbox 664 1291 752 1339; x_wconf 85' lang='lat' dir='ltr'>castra</span> <span class='ocrx_word' id='word_1_117' title='bbox 767 1286 884 1347; x_wconf 83' lang='lat' dir='ltr'>hostium</span> <span class='ocrx_word' id='word_1_118' title='bbox 896 1285 993 1348; x_wconf 87' lang='lat' dir='ltr'>mittit,</span> <span class='ocrx_word' id='word_1_119' title='bbox 1011 1287 1046 1338; x_wconf 87' lang='lat' dir='ltr'>ad</span> <span class='ocrx_word' id='word_1_120' title='bbox 1056 1287 1110 1338; x_wconf 89' lang='lat' dir='ltr'>flu·</span> 
     </span>
     <span class='ocr_line' id='line_1_16' title="bbox 88 1353 1110 1422; baseline 0 -16"><span class='ocrx_word' id='word_1_121' title='bbox 88 1367 93 1372; x_wconf 93' lang='grc'><strong><em>·</em></strong></span> <span class='ocrx_word' id='word_1_122' title='bbox 139 1371 212 1406; x_wconf 80' lang='lat' dir='ltr'>men</span> <span class='ocrx_word' id='word_1_123' title='bbox 223 1357 389 1421; x_wconf 83' lang='lat' dir='ltr'>Bagradam,</span> <span class='ocrx_word' id='word_1_124' title='bbox 406 1355 500 1420; x_wconf 84' lang='lat' dir='ltr'>quibus</span> <span class='ocrx_word' id='word_1_125' title='bbox 515 1359 636 1421; x_wconf 79' lang='lat' dir='ltr'>praeerat</span> <span class='ocrx_word' id='word_1_126' title='bbox 646 1353 763 1420; x_wconf 83' lang='lat' dir='ltr'>Sabura,</span> <span class='ocrx_word' id='word_1_127' title='bbox 781 1357 814 1409; x_wconf 89' lang='lat' dir='ltr'>de</span> <span class='ocrx_word' id='word_1_128' title='bbox 827 1373 878 1422; x_wconf 88' lang='lat' dir='ltr'>quo</span> <span class='ocrx_word' id='word_1_129' title='bbox 891 1360 952 1408; x_wconf 87' lang='lat' dir='ltr'>ante</span> <span class='ocrx_word' id='word_1_130' title='bbox 962 1361 1018 1407; x_wconf 88' lang='lat' dir='ltr'>erat</span> <span class='ocrx_word' id='word_1_131' title='bbox 1031 1355 1110 1407; x_wconf 84' lang='lat' dir='ltr'>audi-</span> 
     </span>
     <span class='ocr_line' id='line_1_17' title="bbox 150 1422 1110 1492; baseline -0.001 -15"><span class='ocrx_word' id='word_1_132' title='bbox 150 1432 216 1477; x_wconf 86' lang='lat' dir='ltr'>tum.</span> <span class='ocrx_word' id='word_1_133' title='bbox 252 1423 303 1474; x_wconf 85' lang='lat' dir='ltr'>Sed</span> <span class='ocrx_word' id='word_1_134' title='bbox 322 1425 380 1475; x_wconf 81' lang='lat' dir='ltr'>Rex</span> <span class='ocrx_word' id='word_1_135' title='bbox 393 1423 513 1474; x_wconf 89' lang='lat' dir='ltr'>omnibus</span> <span class='ocrx_word' id='word_1_136' title='bbox 533 1422 616 1490; x_wconf 82' lang='lat' dir='ltr'>copiis</span> <span class='ocrx_word' id='word_1_137' title='bbox 629 1423 814 1490; x_wconf 88' lang='lat' dir='ltr'>insequebatur</span> <span class='ocrx_word' id='word_1_138' title='bbox 829 1431 855 1477; x_wconf 88' lang='lat' dir='ltr'>et</span> <span class='ocrx_word' id='word_1_139' title='bbox 872 1442 917 1476; x_wconf 85' lang='lat' dir='ltr'>sex</span> <span class='ocrx_word' id='word_1_140' title='bbox 930 1423 1034 1476; x_wconf 89' lang='lat' dir='ltr'>milium</span> <span class='ocrx_word' id='word_1_141' title='bbox 1046 1441 1110 1492; x_wconf 88' lang='lat' dir='ltr'>pas-</span> 
     </span>
     <span class='ocr_line' id='line_1_18' title="bbox 150 1490 1110 1561; baseline -0.001 -15"><span class='ocrx_word' id='word_1_142' title='bbox 150 1510 230 1546; x_wconf 86' lang='lat' dir='ltr'>suum</span> <span class='ocrx_word' id='word_1_143' title='bbox 245 1491 384 1544; x_wconf 82' lang='lat' dir='ltr'>intcrvallo</span> <span class='ocrx_word' id='word_1_144' title='bbox 401 1493 434 1543; x_wconf 85' lang='lat' dir='ltr'>ab</span> <span class='ocrx_word' id='word_1_145' title='bbox 447 1491 551 1552; x_wconf 83' lang='lat' dir='ltr'>Sabura</span> <span class='ocrx_word' id='word_1_146' title='bbox 565 1493 727 1546; x_wconf 84' lang='lat' dir='ltr'>consederat.</span> <span class='ocrx_word' id='word_1_147' title='bbox 760 1490 868 1561; x_wconf 80' lang='lat' dir='ltr'>Equites</span> <span class='ocrx_word' id='word_1_148' title='bbox 880 1493 954 1545; x_wconf 83' lang='lat' dir='ltr'>missi</span> <span class='ocrx_word' id='word_1_149' title='bbox 969 1502 1046 1545; x_wconf 87' lang='lat' dir='ltr'>nocte</span> <span class='ocrx_word' id='word_1_150' title='bbox 1058 1492 1110 1545; x_wconf 87' lang='lat' dir='ltr'>iter</span> 
     </span>
     <span class='ocr_line' id='line_1_19' title="bbox 152 1557 1109 1644; baseline -0.001 -30"><span class='ocrx_word' id='word_1_151' title='bbox 152 1561 307 1626; x_wconf 82' lang='lat' dir='ltr'>conficiunt,</span> <span class='ocrx_word' id='word_1_152' title='bbox 331 1560 493 1628; x_wconf 86' lang='lat' dir='ltr'>inprudentis</span> <span class='ocrx_word' id='word_1_153' title='bbox 514 1557 593 1628; x_wconf 73' lang='lat' dir='ltr'>atque</span> <span class='ocrx_word' id='word_1_154' title='bbox 614 1560 773 1630; x_wconf 81' lang='lat' dir='ltr'>inopinantis</span> <span class='ocrx_word' id='word_1_155' title='bbox 792 1565 881 1616; x_wconf 83' lang='lat' dir='ltr'>hostes</span> <span class='ocrx_word' id='word_1_156' title='bbox 902 1562 1109 1644; x_wconf 65' lang='lat' dir='ltr'>adgrediuntur:</span> 
     </span>
     <span class='ocr_line' id='line_1_20' title="bbox 151 1630 1109 1696; baseline -0.002 -11"><span class='ocrx_word' id='word_1_157' title='bbox 151 1631 283 1685; x_wconf 83' lang='lat' dir='ltr'>Numidae</span> <span class='ocrx_word' id='word_1_158' title='bbox 297 1631 383 1693; x_wconf 87' lang='lat' dir='ltr'>enim,</span> <span class='ocrx_word' id='word_1_159' title='bbox 402 1630 516 1696; x_wconf 85' lang='lat' dir='ltr'>quadam</span> <span class='ocrx_word' id='word_1_160' title='bbox 530 1631 647 1687; x_wconf 78' lang='lat' dir='ltr'>barbara</span> <span class='ocrx_word' id='word_1_161' title='bbox 664 1633 864 1696; x_wconf 86' lang='lat' dir='ltr'>consuetudine,</span> <span class='ocrx_word' id='word_1_162' title='bbox 881 1632 961 1684; x_wconf 81' lang='lat' dir='ltr'>nullrs</span> <span class='ocrx_word' id='word_1_163' title='bbox 973 1631 1109 1684; x_wconf 80' lang='lat' dir='ltr'>ordiurbns</span> 
     </span>
     <span class='ocr_line' id='line_1_21' title="bbox 150 1700 1108 1770; baseline -0.003 -16"><span class='ocrx_word' id='word_1_164' title='bbox 150 1701 250 1770; x_wconf 84' lang='lat' dir='ltr'>passim</span> <span class='ocrx_word' id='word_1_165' title='bbox 266 1702 443 1762; x_wconf 84' lang='lat' dir='ltr'>consederant.</span> <span class='ocrx_word' id='word_1_166' title='bbox 478 1701 535 1754; x_wconf 86' lang='lat' dir='ltr'>Hos</span> <span class='ocrx_word' id='word_1_167' title='bbox 556 1700 694 1766; x_wconf 81' lang='lat' dir='ltr'>obpressos</span> <span class='ocrx_word' id='word_1_168' title='bbox 711 1718 802 1754; x_wconf 86' lang='lat' dir='ltr'>somno</span> <span class='ocrx_word' id='word_1_169' title='bbox 821 1700 848 1755; x_wconf 83' lang='lat' dir='ltr'>et</span> <span class='ocrx_word' id='word_1_170' title='bbox 866 1701 994 1768; x_wconf 83' lang='lat' dir='ltr'>dispersos</span> <span class='ocrx_word' id='word_1_171' title='bbox 1013 1701 1108 1764; x_wconf 84' lang='lat' dir='ltr'>adorti,</span> 
     </span>
     <span class='ocr_line' id='line_1_22' title="bbox 151 1767 1108 1840; baseline -0.002 -16"><span class='ocrx_word' id='word_1_172' title='bbox 151 1785 280 1840; x_wconf 81' lang='lat' dir='ltr'>maguum</span> <span class='ocrx_word' id='word_1_173' title='bbox 296 1786 391 1825; x_wconf 86' lang='lat' dir='ltr'>eorum</span> <span class='ocrx_word' id='word_1_174' title='bbox 411 1785 551 1824; x_wconf 82' lang='lat' dir='ltr'>numerum</span> <span class='ocrx_word' id='word_1_175' title='bbox 569 1767 742 1834; x_wconf 78' lang='lat' dir='ltr'>interficiunt3</span> <span class='ocrx_word' id='word_1_176' title='bbox 767 1771 847 1824; x_wconf 88' lang='lat' dir='ltr'>multi</span> <span class='ocrx_word' id='word_1_177' title='bbox 865 1768 999 1838; x_wconf 85' lang='lat' dir='ltr'>perterriti</span> <span class='ocrx_word' id='word_1_178' title='bbox 1016 1772 1108 1838; x_wconf 87' lang='lat' dir='ltr'>prolu-</span> 
     </span>
     <span class='ocr_line' id='line_1_23' title="bbox 73 1837 1140 1962; baseline 0 -69"><span class='ocrx_word' id='word_1_179' title='bbox 73 1852 78 1863; x_wconf 62' lang='lat'>‘</span> <span class='ocrx_word' id='word_1_180' title='bbox 150 1841 235 1910; x_wconf 80' lang='lat' dir='ltr'>giunt.</span> <span class='ocrx_word' id='word_1_181' title='bbox 270 1841 331 1962; x_wconf 52' lang='lat' dir='ltr'>gqo</span> <span class='ocrx_word' id='word_1_182' title='bbox 342 1840 426 1904; x_wconf 82' lang='lat' dir='ltr'>iacto,</span> <span class='ocrx_word' id='word_1_183' title='bbox 444 1839 478 1892; x_wconf 85' lang='lat' dir='ltr'>ed</span> <span class='ocrx_word' id='word_1_184' title='bbox 490 1837 630 1892; x_wconf 82' lang='lat' dir='ltr'>Curionem</span> <span class='ocrx_word' id='word_1_185' title='bbox 642 1839 747 1907; x_wconf 83' lang='lat' dir='ltr'>equites</span> <span class='ocrx_word' id='word_1_186' title='bbox 758 1845 926 1894; x_wconf 84' lang='lat' dir='ltr'>revertuntur</span> <span class='ocrx_word' id='word_1_187' title='bbox 937 1839 1108 1908; x_wconf 75' lang='lat' dir='ltr'>captivosque</span> <span class='ocrx_word' id='word_1_188' title='bbox 1139 1858 1140 1861; x_wconf 44' lang='lat'>¹</span> 
     </span>
    </p>

    <p class='ocr_par' dir='ltr' id='par_1_4' title="bbox 150 1913 797 1964">
     <span class='ocr_line' id='line_1_24' title="bbox 150 1913 797 1964; baseline -0.005 -1"><span class='ocrx_word' id='word_1_189' title='bbox 150 1913 184 1963; x_wconf 86' lang='lat' dir='ltr'>ad</span> <span class='ocrx_word' id='word_1_190' title='bbox 199 1927 260 1964; x_wconf 90' lang='lat' dir='ltr'>cum</span> <span class='ocrx_word' id='word_1_191' title='bbox 320 1914 405 1962; x_wconf 87' lang='lat' dir='ltr'>neunt.</span> <span class='ocrx_word' id='word_1_192' title='bbox 593 1929 596 1934; x_wconf 94' lang='lat'>·</span> <span class='ocrx_word' id='word_1_193' title='bbox 794 1930 797 1935; x_wconf 93' lang='lat'>·</span> 
     </span>
    </p>
   </div>
   <div class='ocr_carea' id='block_1_4' title="bbox 138 2009 1109 2357">
    <p class='ocr_par' dir='ltr' id='par_1_5' title="bbox 138 2009 1109 2357">
     <span class='ocr_line' id='line_1_25' title="bbox 220 2009 1108 2081; baseline 0 -16"><span class='ocrx_word' id='word_1_194' title='bbox 220 2013 263 2066; x_wconf 78' lang='grc'>39.</span> <span class='ocrx_word' id='word_1_195' title='bbox 290 2012 369 2066; x_wconf 85' lang='lat' dir='ltr'>Curio</span> <span class='ocrx_word' id='word_1_196' title='bbox 384 2027 445 2064; x_wconf 90' lang='lat' dir='ltr'>eum</span> <span class='ocrx_word' id='word_1_197' title='bbox 464 2009 586 2063; x_wconf 86' lang='lat' dir='ltr'>omnibus</span> <span class='ocrx_word' id='word_1_198' title='bbox 607 2010 690 2078; x_wconf 86' lang='lat' dir='ltr'>copiis</span> <span class='ocrx_word' id='word_1_199' title='bbox 709 2017 804 2079; x_wconf 84' lang='lat' dir='ltr'>quarta</span> <span class='ocrx_word' id='word_1_200' title='bbox 821 2011 1047 2081; x_wconf 66' lang='lat' dir='ltr'>sigillumerat,</span> <span class='ocrx_word' id='word_1_201' title='bbox 1063 2029 1108 2065; x_wconf 87' lang='lat' dir='ltr'>co-</span> 
     </span>
     <span class='ocr_line' id='line_1_26' title="bbox 138 2079 1108 2150; baseline -0.002 -15"><span class='ocrx_word' id='word_1_202' title='bbox 138 2083 271 2135; x_wconf 61' lang='lat' dir='ltr'>vhortibus</span> <span class='ocrx_word' id='word_1_203' title='bbox 283 2082 396 2149; x_wconf 86' lang='lat' dir='ltr'>quinque</span> <span class='ocrx_word' id='word_1_204' title='bbox 407 2081 499 2133; x_wconf 85' lang='lat' dir='ltr'>castris</span> <span class='ocrx_word' id='word_1_205' title='bbox 508 2079 638 2148; x_wconf 86' lang='lat' dir='ltr'>praesidio</span> <span class='ocrx_word' id='word_1_206' title='bbox 649 2080 756 2134; x_wconf 87' lang='lat' dir='ltr'>relictis.</span> <span class='ocrx_word' id='word_1_207' title='bbox 790 2082 949 2150; x_wconf 81' lang='lat' dir='ltr'>Progressus</span> <span class='ocrx_word' id='word_1_208' title='bbox 959 2080 1036 2133; x_wconf 81' lang='lat' dir='ltr'>milia</span> <span class='ocrx_word' id='word_1_209' title='bbox 1046 2097 1108 2148; x_wconf 84' lang='lat' dir='ltr'>pas-</span> 
     </span>
     <span class='ocr_line' id='line_1_27' title="bbox 150 2147 1109 2220; baseline -0.002 -16"><span class='ocrx_word' id='word_1_210' title='bbox 150 2169 227 2204; x_wconf 87' lang='lat' dir='ltr'>suum</span> <span class='ocrx_word' id='word_1_211' title='bbox 243 2168 300 2213; x_wconf 76' lang='lat' dir='ltr'>ser,</span> <span class='ocrx_word' id='word_1_212' title='bbox 319 2151 417 2218; x_wconf 85' lang='lat' dir='ltr'>equites</span> <span class='ocrx_word' id='word_1_213' title='bbox 434 2149 567 2214; x_wconf 85' lang='lat' dir='ltr'>convenit,</span> <span class='ocrx_word' id='word_1_214' title='bbox 582 2147 643 2200; x_wconf 80' lang='lat' dir='ltr'>rem</span> <span class='ocrx_word' id='word_1_215' title='bbox 661 2156 765 2218; x_wconf 83' lang='lat' dir='ltr'>gestem</span> <span class='ocrx_word' id='word_1_216' title='bbox 783 2150 920 2220; x_wconf 79' lang='lat' dir='ltr'>cognovlt3</span> <span class='ocrx_word' id='word_1_217' title='bbox 945 2168 977 2202; x_wconf 86' lang='lat' dir='ltr'>ex</span> <span class='ocrx_word' id='word_1_218' title='bbox 994 2150 1109 2216; x_wconf 73' lang='lat' dir='ltr'>captivis</span> 
     </span>
     <span class='ocr_line' id='line_1_28' title="bbox 150 2219 1107 2288; baseline -0.001 -16"><span class='ocrx_word' id='word_1_219' title='bbox 150 2221 261 2288; x_wconf 81' lang='lat' dir='ltr'>quaerit,</span> <span class='ocrx_word' id='word_1_220' title='bbox 273 2219 330 2287; x_wconf 85' lang='lat' dir='ltr'>quis</span> <span class='ocrx_word' id='word_1_221' title='bbox 344 2219 435 2271; x_wconf 84' lang='lat' dir='ltr'>castris</span> <span class='ocrx_word' id='word_1_222' title='bbox 447 2220 480 2270; x_wconf 85' lang='lat' dir='ltr'>ed</span> <span class='ocrx_word' id='word_1_223' title='bbox 492 2219 645 2286; x_wconf 81' lang='lat' dir='ltr'>Bagradam</span> <span class='ocrx_word' id='word_1_224' title='bbox 658 2221 773 2284; x_wconf 83' lang='lat' dir='ltr'>praesit?</span> <span class='ocrx_word' id='word_1_225' title='bbox 788 2221 951 2287; x_wconf 83' lang='lat' dir='ltr'>respondent,</span> <span class='ocrx_word' id='word_1_226' title='bbox 965 2219 1107 2272; x_wconf 72' lang='lat' dir='ltr'>Suburam.</span> 
     </span>
     <span class='ocr_line' id='line_1_29' title="bbox 149 2286 1108 2357; baseline -0.002 -15"><span class='ocrx_word' id='word_1_227' title='bbox 149 2291 265 2357; x_wconf 86' lang='lat' dir='ltr'>Reliqua</span> <span class='ocrx_word' id='word_1_228' title='bbox 282 2289 367 2341; x_wconf 89' lang='lat' dir='ltr'>studio</span> <span class='ocrx_word' id='word_1_229' title='bbox 389 2288 489 2340; x_wconf 85' lang='lat' dir='ltr'>itineris</span> <span class='ocrx_word' id='word_1_230' title='bbox 508 2286 665 2339; x_wconf 83' lang='lat' dir='ltr'>conficiundi</span> <span class='ocrx_word' id='word_1_231' title='bbox 677 2293 808 2356; x_wconf 82' lang='lat' dir='ltr'>&#39;quaerere</span> <span class='ocrx_word' id='word_1_232' title='bbox 827 2289 1027 2357; x_wconf 82' lang='lat' dir='ltr'>practennittit‚</span> <span class='ocrx_word' id='word_1_233' title='bbox 1044 2305 1108 2356; x_wconf 89' lang='lat' dir='ltr'>pro-</span> 
     </span>
    </p>
   </div>
   <div class='ocr_carea' id='block_1_5' title="bbox 43 2357 1107 2426">
    <p class='ocr_par' dir='ltr' id='par_1_6' title="bbox 43 2357 1107 2426">
     <span class='ocr_line' id='line_1_30' title="bbox 43 2357 1107 2426; baseline -0.001 -14"><span class='ocrx_word' id='word_1_234' title='bbox 43 2361 47 2376; x_wconf 71' lang='lat'>&#39;‘</span> <span class='ocrx_word' id='word_1_235' title='bbox 149 2359 272 2426; x_wconf 78' lang='lat' dir='ltr'>almaque</span> <span class='ocrx_word' id='word_1_236' title='bbox 284 2357 423 2426; x_wconf 87' lang='lat' dir='ltr'>respiciens</span> <span class='ocrx_word' id='word_1_237' title='bbox 436 2357 521 2426; x_wconf 79' lang='lat' dir='ltr'>signa,</span> <span class='ocrx_word' id='word_1_238' title='bbox 535 2357 689 2422; x_wconf 56' lang='lat' dir='ltr'>&#39;Videtism</span> <span class='ocrx_word' id='word_1_239' title='bbox 705 2358 806 2426; x_wconf 82' lang='lat' dir='ltr'>inquit,</span> <span class='ocrx_word' id='word_1_240' title='bbox 824 2360 928 2423; x_wconf 79' lang='lat' dir='ltr'>milites,</span> <span class='ocrx_word' id='word_1_241' title='bbox 944 2360 1107 2426; x_wconf 71' lang='lat' dir='ltr'>captivom</span> 
     </span>
    </p>
   </div>
   <div class='ocr_carea' id='block_1_6' title="bbox 116 2425 1107 3325">
    <p class='ocr_par' dir='ltr' id='par_1_7' title="bbox 116 2425 1107 3325">
     <span class='ocr_line' id='line_1_31' title="bbox 116 2425 1107 2498; baseline -0.003 -16"><span class='ocrx_word' id='word_1_242' title='bbox 116 2487 125 2498; x_wconf 40' lang='grc' dir='ltr'><em>Ι</em></span> <span class='ocrx_word' id='word_1_243' title='bbox 149 2431 292 2484; x_wconf 79' lang='lat' dir='ltr'>orationem</span> <span class='ocrx_word' id='word_1_244' title='bbox 308 2445 364 2479; x_wconf 85' lang='lat' dir='ltr'>cem</span> <span class='ocrx_word' id='word_1_245' title='bbox 381 2427 503 2498; x_wconf 78' lang='lat' dir='ltr'>perfugis</span> <span class='ocrx_word' id='word_1_246' title='bbox 519 2425 673 2478; x_wconf 75' lang='lat' dir='ltr'>convenire?</span> <span class='ocrx_word' id='word_1_247' title='bbox 690 2429 777 2480; x_wconf 82' lang='lat' dir='ltr'>obesse</span> <span class='ocrx_word' id='word_1_248' title='bbox 793 2429 909 2498; x_wconf 69' lang='lat' dir='ltr'>Regesne,</span> <span class='ocrx_word' id='word_1_249' title='bbox 927 2428 1039 2497; x_wconf 71' lang='lat' dir='ltr'>exiguos</span> <span class='ocrx_word' id='word_1_250' title='bbox 1052 2445 1107 2480; x_wconf 82' lang='lat' dir='ltr'>esse</span> 
     </span>
     <span class='ocr_line' id='line_1_32' title="bbox 150 2496 1107 2566; baseline -0.002 -16"><span class='ocrx_word' id='word_1_251' title='bbox 150 2501 238 2566; x_wconf 84' lang='lat' dir='ltr'>copias</span> <span class='ocrx_word' id='word_1_252' title='bbox 257 2499 365 2559; x_wconf 80' lang='lat' dir='ltr'>missae,</span> <span class='ocrx_word' id='word_1_253' title='bbox 383 2513 450 2564; x_wconf 81' lang='lat' dir='ltr'>qaae</span> <span class='ocrx_word' id='word_1_254' title='bbox 460 2496 558 2564; x_wconf 79' lang='lat' dir='ltr'>&#39;poecis</span> <span class='ocrx_word' id='word_1_255' title='bbox 576 2497 703 2564; x_wconf 74' lang='lat' dir='ltr'>equitibus</span> <span class='ocrx_word' id='word_1_256' title='bbox 720 2512 798 2564; x_wconf 78' lang='lat' dir='ltr'>pares</span> <span class='ocrx_word' id='word_1_257' title='bbox 810 2511 865 2550; x_wconf 83' lang='lat' dir='ltr'>esse</span> <span class='ocrx_word' id='word_1_258' title='bbox 878 2514 930 2549; x_wconf 79' lang='lat' dir='ltr'>noa</span> <span class='ocrx_word' id='word_1_259' title='bbox 943 2497 1107 2564; x_wconf 73' lang='lat' dir='ltr'>penserunt?</span> 
     </span>
     <span class='ocr_line' id='line_1_33' title="bbox 151 2566 1107 2634; baseline -0.001 -15"><span class='ocrx_word' id='word_1_260' title='bbox 151 2568 262 2620; x_wconf 82' lang='lat' dir='ltr'>Proinde</span> <span class='ocrx_word' id='word_1_261' title='bbox 275 2567 311 2619; x_wconf 83' lang='lat' dir='ltr'>od</span> <span class='ocrx_word' id='word_1_262' title='bbox 322 2566 464 2634; x_wconf 84' lang='lat' dir='ltr'>praedam,</span> <span class='ocrx_word' id='word_1_263' title='bbox 483 2566 520 2617; x_wconf 85' lang='lat' dir='ltr'>ad</span> <span class='ocrx_word' id='word_1_264' title='bbox 530 2566 645 2634; x_wconf 80' lang='lat' dir='ltr'>gloriam</span> <span class='ocrx_word' id='word_1_265' title='bbox 654 2573 808 2634; x_wconf 83' lang='lat' dir='ltr'>properate,</span> <span class='ocrx_word' id='word_1_266' title='bbox 825 2573 857 2619; x_wconf 80' lang='lat' dir='ltr'>et</span> <span class='ocrx_word' id='word_1_267' title='bbox 867 2567 922 2618; x_wconf 77' lang='lat' dir='ltr'>ium</span> <span class='ocrx_word' id='word_1_268' title='bbox 936 2567 968 2618; x_wconf 81' lang='lat' dir='ltr'>de</span> <span class='ocrx_word' id='word_1_269' title='bbox 980 2566 1107 2633; x_wconf 79' lang='lat' dir='ltr'>praemiis</span> 
     </span>
     <span class='ocr_line' id='line_1_34' title="bbox 116 2635 1107 2704; baseline 0 -17"><span class='ocrx_word' id='word_1_270' title='bbox 116 2657 119 2664; x_wconf 91' lang='lat'>·</span> <span class='ocrx_word' id='word_1_271' title='bbox 149 2639 257 2702; x_wconf 77' lang='lat' dir='ltr'>vestris,</span> <span class='ocrx_word' id='word_1_272' title='bbox 276 2644 301 2689; x_wconf 86' lang='lat' dir='ltr'>et</span> <span class='ocrx_word' id='word_1_273' title='bbox 319 2636 351 2688; x_wconf 88' lang='lat' dir='ltr'>de</span> <span class='ocrx_word' id='word_1_274' title='bbox 368 2635 507 2702; x_wconf 82' lang='lat' dir='ltr'>referenda</span> <span class='ocrx_word' id='word_1_275' title='bbox 519 2635 613 2703; x_wconf 82' lang='lat' dir='ltr'>gratia</span> <span class='ocrx_word' id='word_1_276' title='bbox 628 2637 746 2704; x_wconf 78' lang='lat' dir='ltr'>cogitare</span> <span class='ocrx_word' id='word_1_277' title='bbox 765 2635 926 2703; x_wconf 77' lang='lat' dir='ltr'>incipiamus.</span> <span class='ocrx_word' id='word_1_278' title='bbox 960 2636 1045 2688; x_wconf 73' lang='lat' dir='ltr'>Erunt</span> <span class='ocrx_word' id='word_1_279' title='bbox 1059 2653 1107 2704; x_wconf 86' lang='lat' dir='ltr'>per</span> 
     </span>
     <span class='ocr_line' id='line_1_35' title="bbox 149 2703 1105 2789; baseline 0.002 -34"><span class='ocrx_word' id='word_1_280' title='bbox 149 2721 178 2789; x_wconf 66' lang='lat' dir='ltr'>se</span> <span class='ocrx_word' id='word_1_281' title='bbox 191 2723 304 2775; x_wconf 79' lang='lat' dir='ltr'>magna,</span> <span class='ocrx_word' id='word_1_282' title='bbox 322 2721 389 2771; x_wconf 83' lang='lat' dir='ltr'>quae</span> <span class='ocrx_word' id='word_1_283' title='bbox 404 2709 538 2772; x_wconf 84' lang='lat' dir='ltr'>gesserant</span> <span class='ocrx_word' id='word_1_284' title='bbox 553 2703 668 2788; x_wconf 73' lang='lat' dir='ltr'>equites,</span> <span class='ocrx_word' id='word_1_285' title='bbox 680 2705 840 2787; x_wconf 79' lang='lat' dir='ltr'>praesertim</span> <span class='ocrx_word' id='word_1_286' title='bbox 853 2721 935 2772; x_wconf 88' lang='lat' dir='ltr'>quum</span> <span class='ocrx_word' id='word_1_287' title='bbox 949 2718 1044 2756; x_wconf 83' lang='lat' dir='ltr'>eorum</span> <span class='ocrx_word' id='word_1_288' title='bbox 1061 2723 1105 2757; x_wconf 83' lang='lat' dir='ltr'>ex·</span> 
     </span>
     <span class='ocr_line' id='line_1_36' title="bbox 148 2772 1106 2914; baseline -0.001 -20"><span class='ocrx_word' id='word_1_289' title='bbox 148 2791 370 2910; x_wconf 55' lang='lat' dir='ltr'>elmete</span> <span class='ocrx_word' id='word_1_290' title='bbox 383 2789 448 2911; x_wconf 68' lang='lat' dir='ltr'>llll</span> <span class='ocrx_word' id='word_1_291' title='bbox 462 2772 1106 2914; x_wconf 54' lang='lat' dir='ltr'>illilffllioililffiilffi</span> 
     </span>
     <span class='ocr_line' id='line_1_37' title="bbox 149 2911 1105 2980; baseline -0.001 -15"><span class='ocrx_word' id='word_1_292' title='bbox 149 2911 233 2970; x_wconf 87' lang='lat' dir='ltr'>mines</span> <span class='ocrx_word' id='word_1_293' title='bbox 243 2913 365 2965; x_wconf 86' lang='lat' dir='ltr'>laudibus</span> <span class='ocrx_word' id='word_1_294' title='bbox 378 2913 489 2965; x_wconf 86' lang='lat' dir='ltr'>libenter</span> <span class='ocrx_word' id='word_1_295' title='bbox 498 2911 657 2979; x_wconf 80' lang='lat' dir='ltr'>praedicant</span> <span class='ocrx_word' id='word_1_296' title='bbox 691 2911 779 2964; x_wconf 85' lang='lat' dir='ltr'>Multa</span> <span class='ocrx_word' id='word_1_297' title='bbox 787 2918 923 2980; x_wconf 84' lang='lat' dir='ltr'>praeterea</span> <span class='ocrx_word' id='word_1_298' title='bbox 933 2911 1019 2980; x_wconf 84' lang='lat' dir='ltr'>spolia</span> <span class='ocrx_word' id='word_1_299' title='bbox 1027 2927 1105 2979; x_wconf 79' lang='lat' dir='ltr'>pree-</span> 
     </span>
     <span class='ocr_line' id='line_1_38' title="bbox 148 2977 1104 3049; baseline -0.001 -16"><span class='ocrx_word' id='word_1_300' title='bbox 148 2977 314 3044; x_wconf 83' lang='lat' dir='ltr'>ierebantur‚</span> <span class='ocrx_word' id='word_1_301' title='bbox 328 2981 398 3048; x_wconf 87' lang='lat' dir='ltr'>eapti</span> <span class='ocrx_word' id='word_1_302' title='bbox 412 2979 532 3048; x_wconf 85' lang='lat' dir='ltr'>homines</span> <span class='ocrx_word' id='word_1_303' title='bbox 547 2979 698 3048; x_wconf 87' lang='lat' dir='ltr'>equitesque</span> <span class='ocrx_word' id='word_1_304' title='bbox 716 2982 939 3049; x_wconf 78' lang='lat' dir='ltr'>producebantur:</span> <span class='ocrx_word' id='word_1_305' title='bbox 963 2986 1009 3044; x_wconf 88' lang='lat' dir='ltr'>ut,</span> <span class='ocrx_word' id='word_1_306' title='bbox 1026 2981 1104 3048; x_wconf 84' lang='lat' dir='ltr'>qnid·</span> 
     </span>
     <span class='ocr_line' id='line_1_39' title="bbox 148 3049 1103 3117; baseline -0.001 -15"><span class='ocrx_word' id='word_1_307' title='bbox 148 3050 211 3117; x_wconf 88' lang='lat' dir='ltr'>quid</span> <span class='ocrx_word' id='word_1_308' title='bbox 222 3050 392 3102; x_wconf 86' lang='lat' dir='ltr'>intercederet</span> <span class='ocrx_word' id='word_1_309' title='bbox 401 3049 540 3116; x_wconf 84' lang='lat' dir='ltr'>temporis,</span> <span class='ocrx_word' id='word_1_310' title='bbox 552 3050 605 3102; x_wconf 84' lang='lat' dir='ltr'>lsoc</span> <span class='ocrx_word' id='word_1_311' title='bbox 615 3066 692 3102; x_wconf 90' lang='lat' dir='ltr'>omne</span> <span class='ocrx_word' id='word_1_312' title='bbox 701 3049 842 3103; x_wconf 76' lang='lat' dir='ltr'>victoriam</span> <span class='ocrx_word' id='word_1_313' title='bbox 851 3049 952 3103; x_wconf 74' lang='lat' dir='ltr'>morari</span> <span class='ocrx_word' id='word_1_314' title='bbox 959 3050 1103 3102; x_wconf 82' lang='lat' dir='ltr'>videretur.</span> 
     </span>
     <span class='ocr_line' id='line_1_40' title="bbox 148 3117 1104 3187; baseline -0.002 -15"><span class='ocrx_word' id='word_1_315' title='bbox 148 3120 190 3172; x_wconf 89' lang='lat' dir='ltr'>lta</span> <span class='ocrx_word' id='word_1_316' title='bbox 202 3119 257 3186; x_wconf 83' lang='lat' dir='ltr'>spei</span> <span class='ocrx_word' id='word_1_317' title='bbox 271 3118 391 3172; x_wconf 83' lang='lat' dir='ltr'>Curionis</span> <span class='ocrx_word' id='word_1_318' title='bbox 403 3119 519 3172; x_wconf 86' lang='lat' dir='ltr'>militam</span> <span class='ocrx_word' id='word_1_319' title='bbox 536 3117 623 3171; x_wconf 84' lang='lat' dir='ltr'>studia</span> <span class='ocrx_word' id='word_1_320' title='bbox 634 3135 687 3170; x_wconf 87' lang='lat' dir='ltr'>nen</span> <span class='ocrx_word' id='word_1_321' title='bbox 707 3120 822 3172; x_wconf 75' lang='lat' dir='ltr'>deerant.</span> <span class='ocrx_word' id='word_1_322' title='bbox 855 3119 964 3187; x_wconf 77' lang='lat' dir='ltr'>Equites</span> <span class='ocrx_word' id='word_1_323' title='bbox 976 3119 1053 3186; x_wconf 86' lang='lat' dir='ltr'>eeqni</span> <span class='ocrx_word' id='word_1_324' title='bbox 1064 3120 1104 3170; x_wconf 91' lang='lat' dir='ltr'>iu-</span> 
     </span>
     <span class='ocr_line' id='line_1_41' title="bbox 147 3187 1105 3257; baseline 0.001 -17"><span class='ocrx_word' id='word_1_325' title='bbox 147 3189 193 3240; x_wconf 84' lang='lat' dir='ltr'>bet</span> <span class='ocrx_word' id='word_1_326' title='bbox 206 3205 263 3240; x_wconf 84' lang='lat' dir='ltr'>sese</span> <span class='ocrx_word' id='word_1_327' title='bbox 278 3187 379 3253; x_wconf 88' lang='lat' dir='ltr'>iterque</span> <span class='ocrx_word' id='word_1_328' title='bbox 401 3188 543 3250; x_wconf 85' lang='lat' dir='ltr'>accelerat,</span> <span class='ocrx_word' id='word_1_329' title='bbox 560 3192 591 3239; x_wconf 91' lang='lat' dir='ltr'>ut</span> <span class='ocrx_word' id='word_1_330' title='bbox 608 3204 688 3254; x_wconf 89' lang='lat' dir='ltr'>quam</span> <span class='ocrx_word' id='word_1_331' title='bbox 702 3188 818 3241; x_wconf 82' lang='lat' dir='ltr'>manime</span> <span class='ocrx_word' id='word_1_332' title='bbox 832 3201 866 3241; x_wconf 78' lang='lat' dir='ltr'>er</span> <span class='ocrx_word' id='word_1_333' title='bbox 876 3190 942 3257; x_wconf 83' lang='lat' dir='ltr'>iuga</span> <span class='ocrx_word' id='word_1_334' title='bbox 951 3189 1105 3256; x_wconf 80' lang='lat' dir='ltr'>perterritos</span> 
     </span>
     <span class='ocr_line' id='line_1_42' title="bbox 148 3255 1105 3325; baseline 0 -16"><span class='ocrx_word' id='word_1_335' title='bbox 148 3256 248 3310; x_wconf 86' lang='lat' dir='ltr'>adoriri</span> <span class='ocrx_word' id='word_1_336' title='bbox 263 3255 358 3322; x_wconf 79' lang='lat' dir='ltr'>posset.</span> <span class='ocrx_word' id='word_1_337' title='bbox 393 3255 428 3308; x_wconf 76' lang='lat' dir='ltr'>At</span> <span class='ocrx_word' id='word_1_338' title='bbox 445 3256 503 3321; x_wconf 88' lang='lat' dir='ltr'>illi,</span> <span class='ocrx_word' id='word_1_339' title='bbox 519 3255 614 3308; x_wconf 81' lang='lat' dir='ltr'>itinere</span> <span class='ocrx_word' id='word_1_340' title='bbox 633 3257 714 3310; x_wconf 85' lang='lat' dir='ltr'>totius&#39;</span> <span class='ocrx_word' id='word_1_341' title='bbox 733 3258 819 3310; x_wconf 81' lang='lat' dir='ltr'>noctis</span> <span class='ocrx_word' id='word_1_342' title='bbox 835 3257 961 3320; x_wconf 80' lang='lat' dir='ltr'>coniecti,</span> <span class='ocrx_word' id='word_1_343' title='bbox 979 3257 1105 3325; x_wconf 75' lang='lat' dir='ltr'>subsequi</span> 
     </span>
    </p>
   </div>
   <div class='ocr_carea' id='block_1_7' title="bbox 38 3323 1102 3394">
    <p class='ocr_par' dir='ltr' id='par_1_8' title="bbox 38 3323 1102 3394">
     <span class='ocr_line' id='line_1_43' title="bbox 38 3323 1102 3394; baseline 0.003 -17"><span class='ocrx_word' id='word_1_344' title='bbox 38 3343 47 3356; x_wconf 82' lang='lat'><em>·</em></span> <span class='ocrx_word' id='word_1_345' title='bbox 147 3343 199 3378; x_wconf 90' lang='lat' dir='ltr'>non</span> <span class='ocrx_word' id='word_1_346' title='bbox 217 3327 337 3392; x_wconf 82' lang='lat' dir='ltr'>poterant</span> <span class='ocrx_word' id='word_1_347' title='bbox 352 3327 429 3389; x_wconf 86' lang='lat' dir='ltr'>atque</span> <span class='ocrx_word' id='word_1_348' title='bbox 449 3323 563 3378; x_wconf 86' lang='lat' dir='ltr'>aliialio</span> <span class='ocrx_word' id='word_1_349' title='bbox 576 3325 636 3378; x_wconf 81' lang='lat' dir='ltr'>leco</span> <span class='ocrx_word' id='word_1_350' title='bbox 658 3327 818 3381; x_wconf 75' lang='lat' dir='ltr'>resistebant.</span> <span class='ocrx_word' id='word_1_351' title='bbox 852 3326 892 3380; x_wconf 74' lang='lat' dir='ltr'>Ne</span> <span class='ocrx_word' id='word_1_352' title='bbox 910 3328 978 3382; x_wconf 84' lang='lat' dir='ltr'>hace</span> <span class='ocrx_word' id='word_1_353' title='bbox 993 3327 1102 3394; x_wconf 78' lang='lat' dir='ltr'>quidem</span> 
     </span>
    </p>
   </div>
   <div class='ocr_carea' id='block_1_8' title="bbox 147 3391 951 3460">
    <p class='ocr_par' dir='ltr' id='par_1_9' title="bbox 147 3391 951 3460">
     <span class='ocr_line' id='line_1_44' title="bbox 147 3391 951 3460; baseline 0 -14"><span class='ocrx_word' id='word_1_354' title='bbox 147 3413 187 3447; x_wconf 88' lang='lat' dir='ltr'>res</span> <span class='ocrx_word' id='word_1_355' title='bbox 203 3391 387 3460; x_wconf 82' lang='lat' dir='ltr'>Curionem&#39;ad</span> <span class='ocrx_word' id='word_1_356' title='bbox 400 3409 474 3459; x_wconf 86' lang='lat' dir='ltr'>spem</span> <span class='ocrx_word' id='word_1_357' title='bbox 488 3395 649 3448; x_wconf 81' lang='lat' dir='ltr'>morabatur.</span> <span class='ocrx_word' id='word_1_358' title='bbox 744 3409 748 3416; x_wconf 90' lang='lat'>·</span> <span class='ocrx_word' id='word_1_359' title='bbox 944 3423 951 3430; x_wconf 97' lang='lat'>-</span> 
     </span>
    </p>
   </div>
   <div class='ocr_carea' id='block_1_9' title="bbox 0 0 1164 3809">
    <p class='ocr_par' dir='ltr' id='par_1_10' title="bbox 0 0 1164 3809">
     <span class='ocr_line' id='line_1_45' title="bbox 0 0 1164 3809; baseline 0 2"><span class='ocrx_word' id='word_1_360' title='bbox 0 0 1164 3809; x_wconf 95' lang='lat' dir='ltr'> </span> 
     </span>
    </p>
   </div>
  </div>
 </body>
</html>
