2317 3809
162 224 227 291 tua
377 226 381 231 ’
458 219 675 290 nuaennn'
692 231 826 288 οιιιιιι

72 404 77 416 ·
162 371 250 440 liques
261 371 358 426 untes
365 371 516 442 equltemc
521 373 749 440 transportandam
765 376 899 440 pontem
911 363 981 440 qued
989 355 1144 444 algarus}

163 442 273 497 uanum
287 442 458 506 Gullicanrm,
469 443 538 496 bissi
549 442 681 509 relinquit,
695 442 746 494 hcc
758 441 875 507 consilio,
883 447 913 494 ut
924 443 946 494 si
960 443 1029 494 forte
1036 443 1144 516 Pom-3

164 511 247 580 peius,
256 527 370 564 vacuam
380 512 531 564 existimans
536 512 652 582 ltaliam,
663 529 694 564 eo
704 511 878 564 hansiecisset
887 511 1039 572 exercitum,
1053 521 1144 578 qnae

165 580 256 648 opinio
267 586 325 634 erat
339 580 409 632 edita
420 581 448 632 in
459 582 564 648 vulgus,
581 581 698 646 aliquam
715 579 813 632 Cacsar
823 581 857 631 ad
874 580 1067 648 insequendum
1087 583 1144 638 faa

166 650 291 702 cultatem
304 646 427 701 haberet:
443 649 603 716 nunciusque
615 649 649 701 ml
660 665 721 700 eum
733 649 851 702 celeriter
861 647 951 713 mittit,
968 648 1072 714 quibus
1086 665 1136 701 re-

166 718 290 788 gionibus
302 718 444 770 exereitum
458 717 617 784 exposuisset
631 723 657 770 et
672 718 734 784 qnid
749 717 863 779 militum
875 718 1073 770 convenisset

234 786 278 839 30.
290 788 366 838 llaec
373 787 527 838 codemlere
539 788 760 854 temporccnesar
768 794 846 852 atque
860 787 1001 853 Pompeius
1019 803 1144 855 cogno-³

165 862 254 910 neme
269 873 331 907 nam
345 861 534 922 praetervectas
549 855 716 922 Apolloniam
727 854 973 924 Dyrrhachinmque
984 872 1072 908 naves
1088 855 1144 932 riq

167 926 274 986 derant3
290 924 341 990 ipsi
352 925 404 976 itcr
415 926 555 977 secundnm
568 941 613 976 cas
625 931 696 976 terra
710 925 871 986 direxerant3
887 925 947 989 sed,
965 941 1017 991 quo
1034 929 1144 1016 essentq

167 993 215 1046 eae
230 995 348 1056 delatae,
365 993 457 1059 primis
470 993 561 1046 diebus
582 993 752 1062 ignorabant:
778 993 934 1062 cognitaque
954 1011 997 1058 re,
1015 993 1144 1046 diversa

159 1063 219 1116 ,sini
232 1063 311 1114 ambo
320 1061 430 1113 consilia
439 1061 559 1128 capiunt:
577 1065 681 1127 Caesar,
694 1070 722 1115 nt
735 1079 815 1128 quam
831 1062 943 1129 primum
956 1079 984 1114 se
996 1079 1061 1114 cum
1069 1063 1134 1114 An-

166 1131 239 1185 tonio
247 1131 431 1200 coniungeret3
447 1132 596 1198 Pompeius,
608 1139 637 1183 ut
647 1132 809 1183 venientibus
822 1131 848 1182 in
860 1131 952 1183 itinere
966 1148 995 1182 se
1005 1133 1133 1198 obpone-

166 1205 223 1264 ret,
241 1200 265 1252 si
277 1200 442 1266 inprudentes
456 1218 488 1252 er
499 1200 601 1252 insidiis
615 1199 714 1252 adoriri
724 1206 825 1267 posset:
842 1200 1036 1266 eodemquedie
1050 1207 1144 1252 uter-1

168 1285 220 1336 que
229 1285 320 1322 eorum
334 1285 366 1320 eu
378 1269 469 1321 castris
482 1269 584 1322 stativis
596 1285 613 1320 a
623 1269 732 1321 flumine
747 1271 818 1336 Apso
834 1269 977 1322 exereitum
991 1269 1130 1332 educunt;

167 1337 308 1404 Pompeius
319 1339 388 1388 clam
402 1343 531 1400 eteocle,
548 1339 646 1389 Cacsar
656 1340 746 1405 palam
756 1345 833 1405 atque
842 1338 963 1390 interdiu.
987 1337 1040 1390 Sed
1054 1339 1130 1390 Cae-

167 1406 222 1458 sari
236 1405 344 1458 circuitu
358 1406 459 1457 maiore
469 1406 520 1457 iter
539 1412 596 1458 erat
614 1407 732 1475 longius,
750 1409 858 1459 adverso
870 1406 991 1472 flumine,
1011 1414 1040 1460 ut
1052 1406 1129 1460 vado
1143 1417 1144 1426 ¹

101 1506 104 1514 ·
166 1474 279 1526 trandre
290 1480 390 1540 possets
407 1475 568 1542 Pompeius,
580 1475 643 1540 quia
653 1476 773 1542 expedito
785 1477 877 1528 itinere
887 1477 986 1544 flumen
997 1475 1023 1527 ei
1036 1483 1131 1528 trans-
1143 1527 1144 1534 ,

117 1582 120 1590 .
167 1544 282 1596 etutdrrm
294 1561 346 1594 non
356 1549 428 1606 erat,
446 1543 550 1612 magnis
564 1543 700 1596 itineribus
714 1545 748 1596 ad
761 1545 902 1598 Antonium
916 1545 1064 1606 contendit3
1083 1551 1129 1596 at-

169 1629 228 1679 que,
242 1629 303 1662 cum
315 1611 363 1663 nbi
375 1612 582 1679 adpropinquare
593 1613 725 1680 cognovit,
735 1613 856 1666 idoneum
869 1615 957 1667 locum
970 1620 1071 1678 nactus,
1085 1611 1129 1663 ibi

167 1679 257 1746 copias
270 1681 428 1744 conlocavit,
447 1699 558 1748 suosque
571 1699 661 1734 omnes
676 1683 766 1734 caenis
784 1683 912 1735 continuit
924 1683 1052 1751 ignesque
1064 1681 1129 1734 lieri

166 1749 310 1818 prohibuit,
326 1767 378 1815 quo
390 1751 516 1802 occultior
527 1757 594 1802 esset
607 1751 663 1804 eius
676 1751 808 1806 adventus.
845 1753 919 1804 Haec
931 1753 966 1803 ad
978 1750 1127 1804 Antonium

168 1818 258 1872 statim
266 1835 314 1884 per
325 1820 439 1871 Graecos
451 1820 609 1872 deferuntur.
645 1821 703 1884 Ille,
714 1820 800 1872 missis
812 1822 845 1873 ad
859 1822 997 1872 Gaesarem
1011 1820 1125 1882 nunciis,

167 1905 250 1940 unum
263 1888 332 1939 diem
344 1905 400 1940 sese
408 1887 500 1940 castris
513 1889 608 1941 tenuita
626 1891 709 1941 altere
722 1889 764 1942 die
777 1891 810 1942 ad
821 1907 881 1942 eum
891 1890 1125 1956 peruenitCaesar.

169 1956 250 2008 Cuius
267 1958 380 2009 adventu
400 1957 523 2025 cognito,
539 1957 694 2024 Pompeius,
713 1975 746 2008 ne
759 1959 859 2010 duobus
873 1959 1125 2011 circumcluderetur

106 2078 112 2085 ,
169 2025 341 2089 exercitibus,
356 2042 388 2076 cx
407 2043 438 2078 eo
452 2028 512 2077 loeo
525 2027 646 2102 discedit,
664 2027 834 2095 omnibusque
855 2028 936 2095 copiis
956 2029 990 2078 ad
1004 2029 1127 2094 Aspara-⁴

168 2092 244 2163 giam
249 2095 493 2160 Dyrrhachinorum
504 2095 622 2162 pervenit
634 2101 713 2164 atque
726 2095 764 2147 ibi
772 2096 864 2149 idoneo
876 2098 935 2148 loco
944 2101 1031 2148 castre
1039 2094 1124 2162 ponit.

89 2216 91 2219 ,
236 2161 280 2212 31.
297 2163 347 2214 His
359 2165 518 2229 temporibus
528 2163 624 2230 Scipio,
633 2163 793 2220 detrimentis
800 2165 955 2230 quibusdam
967 2165 1124 2216 circaman-

168 2232 224 2281 tem
234 2230 364 2281 Amanum
375 2233 494 2297 acceptis,
511 2233 968 2300 seselmperatorem'adpellaverat.
1000 2229 1063 2299 Quo
1082 2234 1125 2284 la-

141 2341 144 2344 .
169 2304 221 2360 cto,
242 2298 391 2350 civitatibus
408 2298 576 2367 tyrannisque
587 2317 697 2370 magnas
711 2301 886 2368 imperaverat
898 2301 1035 2369 pecunius:
1057 2301 1124 2353 item

170 2381 188 2418 a
203 2367 349 2433 publicanis
362 2385 425 2419 suae
444 2367 594 2435 provinciae
607 2369 721 2422 debitam
737 2371 834 2423 biennii
848 2371 984 2436 pecuniam
997 2373 1124 2439 exegerat

154 2439 197 2486 set
209 2435 243 2486 ab
253 2435 351 2487 eisdem
363 2437 519 2504 insequentis
531 2438 593 2490 anni
605 2445 725 2490 mortuam
735 2447 903 2506 praeceperat
912 2440 1062 2507 equitesque
1074 2436 1124 2491 toti
1143 2435 1144 2476 l

167 2504 319 2570 provinciae
337 2505 518 2572 imperaverat.
552 2507 655 2572 Quibus
666 2507 778 2572 coactis,
791 2509 1043 2578 finitumishostibus
1057 2509 1123 2560 Par·
1143 2505 1144 2558 l

168 2573 222 2623 this
237 2579 296 2640 post
306 2590 335 2625 sc
351 2575 462 2638 relictis,
480 2576 526 2642 qui
541 2578 631 2643 paullo
651 2582 710 2628 ante
732 2579 768 2630 Μ.
790 2579 913 2631 Crassum
931 2581 1123 2644 Imperatorem

168 2637 353 2695 interfecerant
365 2645 435 2696 etM.
445 2645 572 2696 Bibulum
583 2645 611 2696 in
623 2645 916 2711 obsidiouehabuerant‚
922 2647 1039 2716 legiones
1048 2647 1124 2713 cqui-

157 2715 259 2778 tesque
272 2730 304 2763 ex
317 2713 396 2780 Syria
415 2714 569 2765 deduxerat:
587 2731 740 2781 summaque
752 2715 779 2768 in
791 2715 965 2768 sollicitudine
979 2731 1009 2768 ac
1025 2716 1122 2766 timore

91 2835 96 2840 ,
149 2817 154 2822 .
169 2777 288 2831 Parthici
298 2782 361 2834 belli
374 2783 402 2834 in
412 2782 575 2850 prouinciam
585 2801 667 2850 quum
675 2784 800 2849 venisset,
819 2802 851 2838 ac
860 2775 1122 2837 nonnullacinilitnm

168 2859 245 2898 voces
252 2856 307 2901 tum
313 2853 472 2916 audirentur,
481 2868 544 2915 sese,
551 2858 642 2904 contra
649 2853 751 2904 bostem
759 2853 781 2905 si
790 2855 951 2916 ducerentur,
959 2854 1050 2916 ituros,
1059 2871 1122 2905 con·

169 2915 301 2968 accirem
309 2926 334 2971 ct
342 2922 480 2973 consulem
487 2937 619 2972 armenon
627 2922 862 2986 laturos3deductis
868 2925 1028 2990 Pergamum
1043 2931 1121 2989 atque

64 3023 75 3031 n
167 2980 196 3034 in
210 2984 427 3051 locupletissimas
439 2993 515 3042 urbes
524 2989 552 3041 in
564 2990 675 3042 hiberna
687 2991 844 3060 legionibus,
859 2993 986 3044 maximas
998 2991 1121 3058 largitio-
1143 3009 1144 3022 ι

106 3072 109 3078 ·
165 3053 287 3176 pesdlepit
299 3064 325 3109 et
338 3060 575 3112 confirmandomm
586 3059 701 3114 militum
709 3077 802 3114 caussa
811 3059 971 3129 diripiendas
983 3060 1015 3112 iis
1027 3060 1120 3114 cisitu-

140 3226 156 3253 „
178 3138 205 3174 ω
230 3129 406 3246 editlntcrim
424 3196 591 3249 acerbissime
612 3197 758 3264 imperatae
777 3198 904 3266 pecuniae
918 3203 973 3250 tota
986 3197 1120 3266 provincis

168 3259 353 3329 exigebantur:
373 3267 457 3318 multa
476 3275 610 3332 praeterea
628 3268 775 3334 generatim
792 3270 824 3320 ed
836 3268 976 3320 avaritiam
987 3267 1120 3336 ansegilu-

167 3330 270 3382 bantur.
293 3329 324 3379 ln
336 3331 422 3394 capita
435 3333 541 3402 singula
552 3351 688 3386 servorum
701 3353 732 3390 ac
743 3337 886 3390 liberorum
904 3337 1033 3405 tributum
1047 3337 1119 3404 inpo-
1143 3385 1144 3410 ,

135 3469 140 3475 Ι
166 3400 291 3452 nebatnrs
306 3398 479 3485 columnaria,
491 3402 609 3468 ordonn,
626 3405 795 3473 trumentum,
808 3407 916 3472 milites,
931 3405 1061 3476 remiges,
1075 3423 1119 3460 ar-
