2317 3809
176 212 218 275 60
405 266 409 277 .
442 218 493 273 bl}
514 216 656 272 ababa
677 218 897 272 Gabblcos
997 258 1011 266 .

176 364 271 414 statem
287 356 316 411 in
332 356 451 411 Treuiris
464 374 616 409 consumere
637 362 790 425 cogeretur,
811 358 933 411 omnibus
947 358 981 410 od
994 356 1135 410 Britanni-

178 450 238 485 cum
253 432 352 483 bellum
363 431 439 479 reims
455 426 628 495 comparatis,
645 427 855 479 Indutiomarum
868 429 900 479 ad
917 444 946 479 se
959 437 1020 494 'cum
1033 429 1135 479 ducen-

176 503 210 554 tis
223 500 355 553 obsidibus
369 496 551 549 venireiassit.
587 495 638 546 His
651 495 784 560 adductis,
808 497 880 548 iniis
893 496 1135 563 liliopropinquis-

178 590 229 639 que
239 571 293 623 eius
308 568 440 627 omnibus,
458 582 522 631 quos
536 564 692 616 nominatim
703 573 873 629 evocaverat,
891 569 1040 617 consolatus
1049 567 1135 617 ludu-

176 642 320 695 tiomurum
332 640 503 701 hortatusque
514 640 567 696 est,
589 633 629 685 uti
642 634 669 685 in
682 635 770 685 olllcio
780 644 959 702 permaneret:
983 635 1071 686 nihilo
1090 643 1134 685 ta-

176 730 237 764 men
249 709 347 770 secius,
368 704 527 775 principibus
540 704 713 775 Treuirorum
731 705 765 755 ad
782 722 811 755 se
824 704 986 767 convocatis,
1010 706 1063 754 lios
1075 704 1133 754 sin-

176 780 292 849 gillatim
311 770 474 843 Cingetorigi
494 772 658 825 conciliavit:
684 774 753 839 quod
764 784 847 839 quum
862 773 955 824 merito
969 772 1026 824 eius
1046 774 1083 823 ab
1104 791 1134 823 se

177 850 234 903 ficri
249 847 431 913 intellegebat,
448 852 505 894 tum
520 842 612 910 magni
624 843 749 893 interesse
761 844 953 905 arbitrabatur,
969 841 1026 892 eius
1035 848 1133 893 aucto-

176 921 282 973 ritatem
294 918 361 967 inter
373 930 433 965 suos
447 911 672 979 quamplurimum
683 913 780 973 valere,
789 911 862 962 cuins
875 917 931 963 tom
944 910 1086 978 egregiam
1103 912 1133 962 iu

177 1006 205 1041 sc
217 990 379 1039 uoluntatem
393 981 571 1049 perspexisset.
606 982 637 1033 Id
650 982 751 1032 laetam
762 981 880 1048 graviter
893 980 953 1031 tulit
965 978 1133 1030 Indutioma-

177 1076 236 1120 rus,
255 1072 331 1107 snam
344 1050 459 1121 gratiam
472 1050 539 1101 inter
552 1066 613 1101 suos
632 1050 730 1113 minui,
746 1057 785 1112 et,
809 1050 855 1116 qul
877 1048 931 1101 iam
946 1055 1006 1099 ante
1017 1048 1132 1103 inimico

178 1126 205 1178 in
217 1144 263 1176 nos
276 1122 365 1176 animo
378 1120 486 1181 luisset,
499 1120 583 1169 merlto
596 1119 705 1186 gravius
714 1121 767 1169 boc
781 1120 873 1169 dolore
884 1117 988 1169 exarlit.

246 1193 271 1245 5.
290 1192 340 1243 llis
362 1191 438 1241 rebus
456 1188 615 1249 constitutis,
632 1186 731 1238 Caesar
747 1188 781 1238 ad
795 1194 899 1254 portum
913 1186 993 1237 itiam
1011 1202 1073 1237 eum
1091 1188 1132 1237 lo-

177 1260 299 1331 giouibus
311 1258 436 1329 pervenit,
471 1257 512 1308 lbi
527 1257 670 1323 cognoscit,
685 1256 733 1308 Lx
743 1272 831 1319 naves,
849 1274 916 1322 quae
935 1256 963 1307 in
977 1256 1075 1307 Meldis
1088 1258 1130 1306 la-

179 1340 236 1383 etae
251 1338 337 1392 crant,
355 1333 507 1393 tempestate
519 1326 645 1388 reiectas,
671 1342 777 1376 cursum
789 1333 877 1377 tenere
890 1342 940 1377 non
956 1324 1073 1391 potuisse
1089 1333 1131 1376 at»

178 1418 229 1467 que
251 1402 358 1461 eodem,
375 1397 443 1447 unde
460 1402 533 1447 erant
544 1396 690 1461 protectae,
713 1396 868 1445 revertisses
886 1395 1001 1461 reliquas
1019 1405 1129 1461 paratas

177 1472 211 1521 ad
221 1468 398 1533 navigandum
413 1472 491 1531 atque
510 1464 629 1515 omnibus
649 1464 728 1514 rebus
737 1462 876 1515 instructas
885 1463 992 1515 invenit.
1025 1465 1130 1515 uadem

177 1538 257 1591 totius
273 1536 378 1589 Galliae
391 1534 519 1599 equitatus
537 1532 670 1595 convenit,
687 1548 796 1583 numero
806 1532 910 1583 milium
926 1539 1038 1598 quatuor
1048 1534 1130 1583 Prin-

178 1608 299 1674 cipesquc
316 1622 348 1655 ex
366 1598 486 1654 omnibus
498 1601 661 1653 civitatibuse
679 1618 710 1652 ex
724 1600 817 1667 quibus
828 1618 989 1668 perpaucos,
1013 1618 1130 1667 qnorum

177 1677 204 1728 in
215 1694 243 1727 se
256 1676 335 1726 lidum
347 1678 525 1741 perspexerat,
548 1670 695 1736 relinquero
711 1670 739 1721 in
758 1670 860 1732 Gallia,
876 1672 992 1736 reliquos
1005 1671 1129 1722 obsidum

177 1748 235 1797 loco
248 1761 336 1796 secum
355 1744 463 1805 ducere,
486 1740 649 1803 decre-seran
668 1741 751 1806 quod,
773 1756 855 1805 quum
865 1740 923 1807 ipse
932 1740 1050 1803 abeam,
1067 1758 1128 1795 mo-

178 1822 234 1868 tum
249 1813 351 1866 Galliae
365 1812 511 1862 verebatur.

245 1882 270 1935 o.
288 1885 352 1934 Erat
360 1896 412 1932 una
420 1895 480 1931 crim
486 1874 578 1929 ceteris
584 1876 728 1929 Dumnorix
734 1878 847 1940 Aeduus,
856 1878 889 1929 de
896 1879 989 1944 quoab
997 1878 1072 1930 nobis
1079 1896 1128 1929 an·

176 1953 323 2004 teadicttuu
331 1959 376 2002 est.
389 1950 562 2001 Huucsecum
569 1946 1128 2013 habereinprimisconstituemtquudeum

177 2022 300 2087 cupidum
307 2036 395 2071 rerum
403 2034 539 2080 novarum,
553 2015 797 2083 cupidurnimperii‚
810 2016 902 2084 magni
910 2017 1002 2080 animi,
1012 2034 1128 2084 magnae

176 2090 341 2141 interGallos
351 2086 522 2148 auctoritatis,
534 2091 700 2153 cognoverat.
716 2086 864 2136 Accedebat
874 2087 936 2147 buc,
949 2086 1086 2152 quodiam
1100 2087 1127 2137 in

177 2158 288 2208 concilio
295 2158 444 2207 Aerlaorum
451 2156 595 2206 Dumnorix
600 2154 709 2217 dixerat,
718 2154 768 2205 sibi
775 2170 791 2205 a
799 2156 913 2206 Caesare
923 2157 1048 2222 Regnum
1059 2155 1127 2206 eiri-

178 2225 354 2278 tatisdelerri:
368 2224 541 2291 quoddicturn
547 2223 631 2274 Aedui
644 2223 760 2291 graviter
770 2224 1128 2289 ferebant,uequerecnsandi

179 2302 225 2352 aut
231 2294 386 2361 deprecandi
401 2308 495 2351 caussa
506 2295 608 2360 legatos
619 2294 656 2343 ad·
665 2294 804 2343 Caesarem
817 2293 921 2344 mittere
930 2294 1069 2345 audebant.
1095 2295 1127 2344 ld

178 2365 280 2417 lactum
293 2380 324 2413 ex
335 2362 389 2413 suis
400 2361 547 2429 hospitibus
560 2362 656 2411 Caesar
668 2367 834 2428 cognoverat.
868 2362 918 2413 llle
936 2362 1057 2413 omnibus
1068 2363 1126 2429 pri-

177 2450 222 2486 mo
234 2431 356 2500 precibus
368 2436 456 2498 petere
474 2430 617 2493 contendit,
639 2436 669 2480 nt
686 2430 714 2480 in
732 2430 821 2482 Gallia
836 2431 1037 2496 relinquar-etum
1063 2446 1126 2498 par·

177 2504 239 2566 tim,
258 2502 327 2569 quod
340 2501 456 2553 insuetus
468 2498 611 2567 navigandi
627 2499 828 2562 maretimeret3
846 2500 958 2566 partim,
981 2502 1050 2566 quod
1062 2501 1126 2551 reli·

177 2572 300 2641 gionibus
313 2586 370 2621 sese
383 2569 480 2620 diceret
490 2568 608 2635 inpediri.
623 2568 729 2619 l’ostea
741 2584 821 2634 quam
834 2568 862 2618 id
875 2570 1003 2622 obstinate
1016 2569 1067 2619 sibi
1079 2586 1125 2619 ne-

178 2641 239 2707 gari
252 2640 333 2703 vidit,
358 2637 430 2691 omni
443 2655 488 2704 spe
504 2637 650 2705 inpetrandi
669 2638 790 2701 adetum,
806 2637 942 2704 Principes
955 2638 1061 2690 Galliae
1071 2640 1126 2689 sol-

177 2709 294 2773 licitare,
320 2722 443 2760 sevocare
456 2707 572 2775 singulos
592 2706 746 2773 hortarique
759 2706 858 2772 coepit,
880 2707 919 2758 uti
935 2707 964 2758 in
984 2706 1125 2758 continenti

178 2785 358 2841 remanerent3
384 2782 457 2828 metu
470 2776 605 2839 territare,
628 2792 680 2826 non
700 2776 756 2826 sine
774 2792 867 2827 caussa
888 2776 961 2839 fieri,
985 2782 1016 2827 ut
1033 2776 1125 2827 Gallia

178 2845 251 2896 omui
265 2846 400 2898 nobilitate
412 2846 578 2913 spoliaretur:
594 2844 621 2895 id
632 2860 689 2895 esre
699 2844 838 2896 eonsilium
850 2845 982 2908 Caesaris,
995 2850 1041 2906 ut,
1059 2862 1124 2910 quos

178 2913 206 2965 in
220 2921 358 2981 conspecto
369 2916 473 2967 Galliae
482 2913 628 2966 interlicere
639 2921 786 2977 vereretur,
809 2915 859 2964 hos
872 2930 962 2964 omues
977 2914 1004 2964 in
1013 2913 1123 2965 Britan-

178 2972 251 3034 niam
265 2984 427 3035 transducto·
439 2992 555 3035 necaret:
580 2985 660 3035 fidem
673 2982 780 3047 reliquis
792 2982 970 3048 interponere,
993 2982 1123 3033 iusiuran-

180 3054 242 3103 dum
256 3066 376 3117 poscere,
393 3060 436 3116 ut,
454 3054 522 3120 qnod
535 3070 592 3103 csse
607 3070 639 3103 ex
652 3069 702 3103 usu
713 3050 818 3102 Galliae
829 3050 1028 3114 intellexissent,
1052 3068 1122 3101 com·

179 3119 251 3173 mesni
264 3118 372 3171 cornilio
392 3122 610 3174 administrarent
644 3122 720 3172 llaec
739 3136 757 3172 a
777 3120 955 3186 compluribus
973 3121 1007 3173 ed
1026 3121 1123 3172 Oeae·

177 3206 234 3243 rem
250 3188 439 3241 deferebantur.
503 3240 508 3250 ,

246 3256 272 3308 i.
289 3258 350 3323 Qua
364 3274 393 3307 re
408 3257 526 3326 eogrdta,
549 3260 661 3322 Caesar,
685 3257 755 3324 qnod
775 3261 878 3308 tantum
897 3254 999 3309 civitati
1017 3257 1123 3309 Aeduae

111 3378 115 3386 ,
178 3322 314 3392 diguitatis
326 3322 465 3388 tribuerat,
478 3330 650 3378 coercendum
660 3335 740 3392 atque
746 3326 940 3388 deterrendum,
954 3325 1122 3392 quibuscum-

178 3394 313 3461 querebar
319 3400 414 3463 posset,
425 3393 617 3464 Dumorign
625 3397 769 3459 mtuebati
780 3394 961 3463 qnodlongius
969 3395 1122 3449 duramen-
