2317 3809
173 2 291 95 ’Π

155 212 199 277 64
428 220 481 275 na
497 219 637 277 ΒΕΙιῙιΟ
653 217 846 278 Gannico

60 394 65 403 ·
155 359 249 425 locati,
266 358 362 413 aeriter
378 364 574 427 pugnaverunt:
591 360 745 431 duabusque
761 358 850 411 missis
862 340 981 411 subsidio
996 360 1120 412 cohorti-

156 432 205 483 bus
217 447 234 481 a
255 431 382 493 Caesm,
403 438 481 496 atque
495 429 538 480 his
550 428 644 498 primis
661 429 797 497 legionum
812 430 941 491 duarum,
959 446 1042 495 quum
1054 432 1121 492 bae,

157 497 300 568 perexiguo
314 498 460 549 intermisso
474 498 526 549 loci
536 499 622 565 spatio
641 498 709 552 inter
723 516 759 561 se,
781 499 967 561 constitissent,
985 516 1055 549 novo
1068 517 1122 567 ge-

157 585 221 621 nere
238 584 343 636 pugnae
359 567 503 635 perterritis
524 568 634 629 nostris,
648 585 698 634 per
709 568 811 620 medias
827 566 1003 619 audacissime
1021 586 1122 634 perru-

156 644 265 707 perunt,
282 654 361 702 seque
377 637 437 687 inde
453 636 596 687 incolumes
616 643 778 703 receperunt
810 638 851 687 Eo
875 637 919 687 die
935 638 968 702 Q.
987 637 1122 689 Laberius

157 702 254 769 Durus,
267 706 401 757 Tribunus
412 706 536 770 militum,
547 705 709 761 interficitur.
743 705 797 769 lili,
807 704 927 773 pluribus
939 704 1057 757 inmissis
1071 712 1121 759 co-

158 774 293 838 hortibus,
309 775 477 841 repelluntur.
956 824 960 829 ,

230 843 271 895 16.
289 844 359 897 Toto
371 845 423 895 hoc
434 843 461 894 in
473 860 569 912 genere
578 860 693 911 pugnae,
705 861 787 910 quum
796 846 846 895 sub
857 843 941 895 oeulis
952 842 1074 897 omnium
1085 861 1122 896 ae

159 930 209 982 pra
222 912 314 965 castris
328 912 509 976 dimicaretur,
526 912 688 965 intellectmn
704 921 758 977 eat,
776 921 878 964 nostros
896 921 1005 981 propter
1023 914 1121 982 gravi-

126 1014 130 1021 ·
158 990 242 1036 tatem
253 989 418 1045 armaturae,
440 983 509 1049 quod
524 998 609 1047 neque
628 983 730 1049 insequi
752 984 870 1033 cedentes
889 989 1007 1048 possent,
1032 1000 1123 1050 neque

161 1055 195 1105 ab
207 1051 288 1119 signis
302 1051 434 1112 discedere
452 1049 589 1115 auderent,
606 1052 693 1103 minus
706 1059 781 1119 aptos
798 1068 854 1102 esse
874 1054 908 1102 ad
920 1052 999 1103 huius
1011 1053 1121 1119 generis

161 1122 278 1183 hostem;
300 1120 400 1187 equites
418 1128 507 1184 autem
522 1137 621 1189 magno
641 1139 707 1172 cnm.
718 1121 837 1187 periculo
860 1120 962 1187 proelio
980 1121 1121 1185 dimicare,

162 1196 301 1258 propterea
314 1190 382 1255 qnod
394 1188 433 1241 illi
449 1190 529 1241 etiem
542 1192 660 1241 censebo
673 1192 828 1257 plenumque
842 1191 962 1241 cederent
977 1196 1017 1253 et,
1035 1209 1122 1256 quum

163 1260 284 1326 paullum
299 1260 332 1313 ab
342 1258 488 1325 legionibus
501 1266 603 1311 nostros
614 1260 800 1322 removissent,
816 1276 848 1310 cx
866 1258 964 1309 essedis
982 1259 1121 1312 desilirent

164 1322 311 1393 etpedibus
329 1327 427 1393 dispari
439 1328 737 1394 procliocontenderent.
764 1328 906 1394 Equestris
919 1333 1008 1380 autem
1023 1330 1123 1395 proelii

134 1401 139 1407 ”
163 1397 234 1451 ratio
249 1403 274 1447 et
293 1396 441 1449 cedentibus
456 1404 481 1449 et
500 1396 693 1463 insequentibus
711 1414 761 1465 par
780 1406 859 1463 atque
880 1396 952 1448 idem
970 1393 1121 1463 peric'ulurn

164 1464 300 1519 interebat.
334 1465 480 1517 Accedebat
491 1465 558 1529 hnc,
575 1473 620 1530 ut,
637 1483 781 1533 numquam
794 1465 919 1528 conferti,
934 1468 981 1517 sed
991 1467 1048 1518 rari
1061 1484 1122 1519 ma-

76 1545 82 1564 ·
165 1534 276 1603 gnisque
289 1532 432 1589 intervallis
450 1533 640 1600 proeliarentur
657 1537 832 1601 stationesque
844 1534 982 1602 dispositas
992 1536 1123 1589 baberent

165 1613 244 1670 atquc
257 1602 322 1656 alios
333 1602 378 1653 alii
392 1602 512 1671 deinceps
522 1604 669 1672 exciperent
687 1604 836 1672 integrique
852 1610 878 1655 ct
892 1610 1010 1657 recentes
1024 1605 1122 1658 delati·

166 1672 236 1743 gutir
245 1673 416 1725 succederent.
908 1728 911 1731 ,

236 1740 277 1795 lt.
295 1742 403 1793 Postero
417 1739 460 1791 die
479 1741 573 1807 procul
592 1756 609 1791 a
625 1740 717 1795 castris
733 1742 822 1793 hostes
834 1740 862 1792 in
876 1740 986 1793 collibus
998 1742 1122 1795 constite-

129 1840 135 1847 ·
165 1816 227 1865 runt
239 1810 343 1876 rarique
356 1828 384 1884 se
395 1811 529 1861 ostendere
541 1818 566 1863 et
578 1809 662 1861 lenius
670 1820 684 1874 ,‘
695 1827 775 1877 quam
786 1810 884 1877 pridie,
900 1819 1002 1862 nostros
1018 1811 1121 1877 equites

163 1880 266 1950 proelio
277 1881 404 1931 lacessere
412 1886 557 1947 coeperunt.
592 1878 643 1930 Sed
656 1879 773 1942 meridie,
791 1896 872 1945 quum
883 1881 980 1931 Caesar
991 1882 1122 1945 pabulan-

98 2000 102 2015 ,
166 1950 194 2002 di
208 1966 300 2002 caussa
312 1956 363 2013 tres
376 1948 491 2017 legiones
504 1946 581 2015 atque
594 1966 698 2000 onmem
711 1948 857 2015 equitatum
867 1966 928 1999 cnm
942 1950 971 2000 0.
986 1949 1121 2002 Trebonio

165 2020 266 2087 Lagato
281 2018 405 2082 misisset,
424 2025 527 2084 repente
539 2036 570 2069 ex
583 2017 703 2069 omnibus
714 2018 833 2083 partibus
844 2018 878 2069 ad
888 2019 1056 2085 pabulatores
1073 2022 1122 2071 ad-

166 2089 336 2150 volaverunt,
353 2087 399 2150 sic,
416 2086 456 2139 uti
470 2088 503 2139 ab
515 2086 597 2157 signis
610 2086 809 2154 legionibusque
823 2104 874 2137 non
887 2087 1049 2138 absisterent.
1066 2089 1122 2140 No·

168 2156 230 2221 stri,
249 2155 343 2207 acriter
362 2154 389 2207 in
411 2173 454 2207 eos
473 2156 562 2223 inpetu
582 2159 666 2220 iacto,
683 2156 846 2223 repulerunt,
862 2173 947 2222 neque
957 2156 1121 2209 fineminse-

169 2224 264 2291 quendi
282 2224 412 2287 iecerunt,
430 2226 516 2291 quoad
538 2226 653 2277 subsidio
673 2225 763 2276 confisi
774 2224 896 2291 equites,
920 2243 1001 2291 quum
1020 2237 1079 2292 post
1093 2245 1121 2279 se

106 2325 111 2337 =
167 2292 285 2363 legiones
302 2293 434 2357 viderent,
451 2294 606 2362 praecipites
623 2296 710 2347 hostes
722 2303 847 2363 egerant:
863 2311 1014 2362 magnoque
1027 2313 1121 2348 eorum

146 2360 149 2367 ¹
168 2379 278 2417 numera
289 2362 438 2425 interfecto,
456 2380 540 2429 neque
557 2364 598 2415 sui
613 2363 775 2433 conligendi,
791 2381 875 2430 neque
888 2363 1059 2428 consistendi,
1075 2373 1122 2417 nist
1141 2399 1142 2416 ι

169 2450 201 2487 ex
211 2431 307 2485 essedis
317 2432 450 2485 desiliendi
463 2432 615 2485 facultatem
629 2434 762 2485 dederunt.
796 2434 835 2485 Er
851 2434 903 2484 hac
915 2434 981 2500 fuge
995 2434 1122 2501 protinus,

170 2519 238 2571 quae
256 2500 369 2567 undique
387 2509 570 2565 convenerant,
592 2502 691 2555 auxilia
708 2503 892 2554 discesserunt:
915 2520 999 2569 neque
1015 2511 1076 2569 post
1093 2504 1121 2556 id

169 2576 271 2640 tempus
285 2587 409 2637 umquam
422 2571 531 2623 summis
543 2571 679 2623 nobiscum
691 2571 775 2638 copiis
787 2573 874 2623 hostes
886 2574 1079 2624 contenderunt.

240 2639 282 2694 lt.
300 2642 411 2703 cismar,
426 2639 531 2707 cognito
551 2640 660 2693 consilio
677 2658 782 2702 eorum,
800 2641 833 2691 ad
846 2640 945 2691 flumen
958 2642 1084 2694 Tameia
1094 2641 1121 2693 in

170 2708 235 2763 fines
248 2708 435 2763 Cassivellauni
450 2708 593 2761 exercitum
603 2710 691 2773 duxit3
710 2711 779 2777 quod
790 2710 889 2761 flumen
903 2726 954 2760 nno
970 2711 1121 2763 omninolo-

171 2795 203 2831 co
214 2779 337 2845 pedibus,
353 2787 430 2845 atque
444 2779 495 2831 hoc
508 2794 597 2846 aegre,
613 2779 718 2831 transiri
733 2786 823 2846 potest
858 2780 898 2830 Eo
909 2796 990 2845 quum
1000 2781 1120 2842 venisset,

170 2847 289 2900 animum
302 2849 427 2914 advertit,
444 2849 478 2900 ad
491 2849 602 2901 alteram
615 2848 731 2899 fluminis
738 2849 825 2914 ripam
839 2865 950 2916 magnas
964 2867 1021 2901 esse
1032 2850 1121 2917 copias

170 2916 287 2969 hostiurn
300 2916 453 2970 instructas:
471 2917 529 2985 ripe
543 2922 633 2971 autem
649 2925 706 2969 erat
719 2918 801 2969 acutis
815 2917 923 2969 sudibus
930 2906 1053 2985 praeieris
1064 2937 1120 2970 mu-

169 2984 239 3049 nita3
256 2986 422 3053 eiusdemque
441 2987 544 3055 generis
565 2990 614 3040 sub
631 3004 702 3054 aqua
715 2987 815 3038 delixae
834 2988 910 3039 sudes
926 2987 1037 3039 flumine
1049 2994 1120 3055 tege-

170 3055 274 3108 bantur.
308 3055 358 3107 llis
371 3058 448 3109 rebus
461 3056 573 3124 cognitis
586 3075 604 3110 a
616 3056 726 3124 captivis
735 3054 910 3123 perfugisque,
926 3057 1033 3121 Caesar,
1045 3075 1120 3124 prae·

170 3122 252 3177 misso
266 3124 395 3190 equitatu,
413 3126 549 3179 contensa
559 3127 677 3195 legiones
687 3124 809 3192 subsequi
824 3124 907 3177 iussit.
942 3126 994 3177 Sed
1003 3133 1039 3179 ‘ea
1055 3128 1119 3179 cele·

170 3193 249 3245 ritate
262 3200 341 3261 atque
360 3210 392 3244 eo
402 3193 492 3260 inpetu
508 3196 604 3248 milites
623 3196 725 3260 ierunt,
742 3212 823 3266 quum
839 3194 925 3261 capite
936 3197 992 3247 solo
1004 3214 1036 3248 ex
1053 3212 1120 3262 aqna

171 3268 313 3325 exstarent,
338 3269 368 3313 nt
387 3262 476 3315 hostes
490 3263 609 3331 inpetum
625 3266 761 3333 legionum
775 3273 855 3330 atque
864 3264 983 3330 equitum
996 3265 1120 3319 sustinere

171 3346 224 3381 non
238 3335 343 3397 possuit
354 3328 477 3397 ripasque
491 3332 651 3385 dimitterent
661 3352 693 3385 ac
701 3352 729 3385 se
740 3335 823 3401 luges
832 3335 993 3387 mandarent.

241 3396 284 3453 19.
303 3398 524 3463 Cassivellaunus,
540 3408 571 3453 ut
588 3420 670 3471 supra
687 3401 938 3466 demonstravimus,
953 3404 1028 3457 omui
1042 3406 1119 3473 depo-
