2317 3809
380 155 459 264 nnn.
478 209 568 270 cnr.
586 207 713 300 ro-eo.
928 187 932 198 “
960 203 1024 264 eit
1101 273 1105 282 ,

62 361 214 418 percussus.
253 347 325 402 Hinc
346 346 441 421 itinqre
458 349 543 412 iacto,
568 347 597 400 in
618 363 741 415 campum
756 312 928 400 blandensem
941 366 1024 418 quum

62 425 135 472 esset
144 426 268 481 rentum,
286 423 372 470 castra
382 426 472 470 eontra
488 417 642 484 Pompeium
656 416 798 468 ernstituit.
1089 467 1093 473 ,

136 486 179 540 28.
197 487 321 552 Sequenti
340 488 382 538 die
400 506 479 558 quum
495 488 546 539 iter
561 489 649 538 lacere
662 487 830 538 Caesareum
843 484 925 551 copiis
935 485 1024 551 vellet,

60 555 248 610 renunciatum
268 563 307 608 est
326 557 360 608 ab
374 557 593 624 speculatoribus,
616 555 770 620 Pompeium
793 555 826 604 de
840 553 916 605 tertia
929 554 1025 622 vigilia
1100 579 1105 586 ·

60 626 94 679 in
108 626 165 677 acie
179 625 288 676 stetisse.
322 627 381 677 Hoc
394 626 487 678 nuncio
500 627 601 686 adlato,
620 625 748 676 vexillum
758 624 901 691 proposuit.
922 623 1025 676 Idcirco

61 695 138 747 enim
152 695 240 760 copias
260 695 398 756 eduxerat,
416 696 483 762 quod
498 694 714 746 l'ersaoncnsium
728 692 830 745 civitati
844 693 952 744 luissent
965 694 1024 746 inu·

61 769 149 816 tores:
167 769 243 814 antea
256 763 356 815 litteras
367 763 481 827 miserat,
497 766 714 825 Caesaremnolle
727 765 754 815 in
765 763 907 814 convallem
917 763 1023 814 deseca·

62 834 141 897 dere,
160 833 361 900 quodmaiorem
377 842 480 901 portem
494 835 618 885 exercitus
632 835 740 884 tironem
749 833 865 883 baberet.
898 831 959 883 Hae
978 831 1024 884 lit-

62 909 139 954 terae
155 903 324 952 vehementer
347 904 534 954 confirmabant
554 910 653 953 mentes
668 901 866 967 oppidanorum.
898 901 953 964 lta,
970 901 1023 954 hae

62 971 188 1037 opinione
200 971 290 1033 fretrss,
308 977 390 1022 totum
406 991 433 1023 se
446 973 532 1023 facere
546 988 621 1038 posse
630 970 810 1022 existimabat:
827 967 923 1021 etenim
934 975 960 1020 ct
975 987 1022 1024 na·

61 1047 126 1092 tura
137 1039 189 1092 loci
201 1040 386 1092 defendebatur
404 1047 429 1092 ct
442 1039 522 1108 ipsius
535 1039 625 1107 oppidi
638 1039 796 1101 munitione,
813 1039 859 1090 nbi
875 1045 960 1090 castro
971 1037 1030 1092 be»

8 1147 9 1154 κ
61 1109 123 1162 buit
135 1109 282 1160 constituta.
317 1109 450 1176 Namque,
468 1107 889 1174 utsuperiusdemonstravimus,
906 1107 965 1162 loca
975 1125 1020 1162 ex·

61 1179 186 1230 cellentia
198 1178 305 1229 tumulis.
314 1179 457 1242 contineri3
475 1178 578 1230 interim
593 1179 665 1228 nulla
674 1176 892 1244 planitisdividit.

133 1246 175 1300 29.
195 1247 245 1298 Sed
267 1247 368 1298 ratione
379 1249 450 1298 nulla
463 1244 562 1314 placuit
572 1247 654 1300 taceri
665 1247 709 1311 id,
727 1248 794 1313 quod
807 1264 838 1298 eo
850 1244 940 1298 incidit
953 1249 1020 1297 tem·
1094 1298 1098 1307 ,

60 1332 136 1385 pore.
170 1315 296 1368 Planities
314 1317 381 1368 inter
399 1325 509 1384 utraque
525 1324 611 1368 castra
622 1316 810 1380 intercedebat,
827 1315 932 1366 circiter
945 1311 1021 1367 milia

60 1401 189 1454 passuum
201 1385 330 1452 quinque,
347 1393 377 1437 ut
390 1387 489 1438 auxilia
495 1385 615 1450 Pompeii
623 1388 722 1438 duabus
730 1385 927 1437 defenderentur
933 1384 1022 1446 rebus,

62 1454 154 1522 oppidi
175 1454 270 1506 excelsi
293 1461 318 1506 et
337 1454 391 1507 loci
408 1466 508 1508 natura.
550 1456 622 1510 Hinc
640 1456 756 1524 dirigens
768 1454 888 1522 proxima
900 1451 1021 1521 planities

60 1524 239 1590 aequabatur,
256 1523 329 1574 cuius
340 1525 476 1577 decursum
491 1525 658 1578 antecedebat
668 1525 757 1588 risus,
774 1524 818 1591 qui
830 1523 864 1575 ad
875 1540 966 1574 eorum
975 1539 1021 1576 ac·

60 1609 165 1646 cessum
177 1610 308 1644 summam
320 1593 451 1646 efficiebat
463 1595 514 1645 loci
524 1595 700 1661 iniquitatem:
714 1611 775 1644 nam
786 1593 897 1659 palustri
908 1598 934 1644 et
942 1608 1020 1644 vora·

60 1663 158 1732 giaoso
178 1662 234 1714 solo
253 1679 359 1714 currens
380 1671 437 1714 erat
453 1663 487 1714 ad
504 1664 630 1715 dextrum.
664 1665 700 1715 Et
714 1663 824 1723 Caesar,
840 1678 921 1728 quum
935 1661 1020 1712 aciem

60 1732 190 1784 directam
209 1731 329 1804 vidisset,
353 1749 404 1784 non
421 1733 516 1784 babuit
534 1732 657 1793 dubium,
681 1731 746 1798 qnia
763 1729 850 1782 medis
866 1729 975 1796 planitie
990 1728 1018 1784 in

60 1817 177 1867 aequum
190 1801 222 1851 ad
240 1800 415 1854 dimicandum
429 1801 570 1852 adversarii
579 1801 754 1868 procederent.
771 1801 831 1851 Hoc
839 1798 925 1850 eratin
933 1797 1019 1850 omni-

60 1887 109 1923 um
129 1877 276 1936 conspectu.
311 1871 373 1922 Huc
392 1871 543 1935 accedebat,
568 1878 598 1922 ut
610 1870 683 1920 loeus
695 1869 742 1920 illa
756 1867 865 1936 planitie
874 1866 1019 1933 equitatum

44 1973 47 1977 ·
60 1945 176 2002 ornaret,
186 1944 211 1991 et
223 1939 274 1990 diei
286 1939 400 2006 solisque
411 1939 547 2002 screnitas;
565 1947 594 1990 nt
606 1937 747 1989 mirificum
765 1944 791 1988 et
803 1937 944 2003 optandum
952 1944 1019 1986 tem-

59 2025 111 2078 pus
127 2023 210 2075 prope
229 2010 262 2059 ab
284 2008 342 2060 Diis
354 2009 535 2062 inmortalibus
546 2009 614 2061 illud
626 2007 753 2061 tributum
764 2015 831 2058 essct
842 2006 876 2056 sd
887 2003 1017 2072 proelium

60 2076 285 2130 committendam.
318 2077 407 2130 Nostri
426 2077 533 2143 laetari,
556 2077 672 2129 nonnulli
686 2076 765 2128 etiam
783 2075 887 2139 timere,
906 2075 975 2140 quod
990 2073 1017 2126 in

60 2165 123 2200 eum
142 2147 230 2199 locum
247 2163 290 2198 res
302 2147 471 2214 fortunaeque
484 2147 600 2198 omnium
613 2147 814 2208 deducerentur,
831 2151 876 2207 ut,
892 2143 1019 2211 quidquid

9 2217 10 2220 ’
60 2221 121 2285 post
132 2216 227 2267 boram
239 2233 313 2267 casus
324 2216 471 2280 tribuisset,
488 2217 513 2268 in
526 2217 606 2268 dubio
619 2223 764 2283 poneretur.
782 2215 873 2280 ltaque
887 2213 967 2266 nostri
983 2211 1016 2264 sd

61 2286 240 2338 dimicandum
259 2287 413 2352 procedunt,
437 2285 464 2336 id
480 2287 547 2353 quod
562 2285 726 2340 adversarios
738 2284 950 2336 existimabamus
962 2297 1018 2334 esse

60 2356 193 2416 iacturum
207 2354 264 2420 ‹qni
287 2361 375 2406 tamen
395 2371 411 2407 a
432 2355 577 2410 munitione
597 2355 685 2422 oppidi
705 2353 768 2406 mile
781 2351 1017 2420 passibuslongiut

60 2441 113 2476 non
122 2424 252 2475 audebant
265 2425 414 2489 procedere:
430 2424 456 2475 in
469 2443 519 2492 quo
528 2424 577 2476 sibi
587 2443 667 2492 prope
677 2441 781 2475 munim
791 2420 933 2473 adversarii
940 2437 1016 2487 proe-

60 2493 385 2548 liandumeonstituebnnt.
403 2493 739 2560 Itaquenostriprocednnt.
755 2492 887 2546 Interdum
899 2487 1016 2556 aequitas

59 2561 115 2616 loci
131 2561 294 2614 adversarios
313 2563 489 2631 efflagitabat,
513 2569 542 2614 ut
560 2562 608 2614 tali
626 2562 772 2614 conditione
784 2561 966 2612 contenderent
981 2560 1015 2610 ed

59 2631 216 2684 victoriam:
240 2647 323 2698 neque
340 2639 427 2684 tamen
447 2631 487 2683 illi
509 2648 587 2686 esua
600 2631 783 2684 consuetudine
796 2627 969 2691 decedebant,
986 2631 1016 2681 nt

10 2751 15 2760 ,
60 2707 108 2755 aut
124 2701 158 2753 ab
180 2701 280 2752 excelso
303 2702 374 2764 loco,
396 2707 442 2753 aut
460 2702 494 2753 ab
512 2701 625 2768 oppido,
646 2701 813 2753 discederent.
846 2697 935 2752 Nostri
949 2697 1015 2764 pede

58 2787 152 2840 presso
162 2769 268 2836 propius
277 2768 364 2822 rivum
376 2787 455 2838 qnam
470 2771 732 2840 adpropinquassent,
746 2766 890 2823 adsumit
900 2764 1015 2833 patreci-

59 2840 120 2894 nari
131 2841 190 2890 loco
204 2839 293 2906 iniquo
307 2856 358 2892 non
371 2839 497 2892 desinunt.

129 2909 172 2961 ab.
190 2909 254 2960 Erat
267 2908 337 2960 acies
347 2911 409 2962 lllll
421 2909 517 2976 aquilis
529 2909 676 2972 constituta,
693 2924 761 2975 qnae
771 2905 898 2958 laten'bus
912 2903 1014 2973 equita·

59 2983 90 3032 tu
105 2979 259 3046 tegebatur,
275 2995 335 3030 cum
347 2979 399 3030 leri
412 2987 546 3030 armatura
558 2979 666 3030 milibus
679 2975 736 3030 sex:
752 2984 886 3044 praeterea
902 2973 1015 3028 auxilia·

59 3065 103 3102 res
123 3048 281 3099 accedebant
299 3060 379 3114 prope
399 3049 510 3100 alterum
524 3055 635 3099 tantum.
667 3047 763 3099 Nostra
775 3045 904 3113 praesidia
913 3045 1013 3098 LXXX

58 3116 213 3169 cohortibus
228 3121 253 3168 et
273 3119 333 3169 vul
349 3117 455 3168 milibus
468 3117 594 3183 equitnm.
627 3118 680 3179 lte,
698 3133 778 3184 quum
789 3115 816 3166 in
828 3124 944 3168 extrema
955 3116 1013 3182 pla·

59 3185 125 3239 nitie
143 3186 262 3252 iniquum
277 3186 304 3238 in
320 3188 409 3238 locum
428 3186 510 3237 nostri
530 3185 794 3253 adpropinquassent,
810 3192 917 3252 paratus
930 3183 1014 3238 bostis

59 3260 118 3308 erat
141 3253 274 3322 superior,
293 3261 321 3308 ut
330 3255 479 3307 transeundi
492 3255 610 3321 superins
625 3254 674 3306 iter
686 3257 933 3307 ‘vehementerosset
942 3251 1013 3320 peri-

60 3325 189 3377 culosum.
223 3326 299 3392 Quod
319 3343 400 3393 quum
421 3341 438 3376 a
461 3325 572 3376 Casan
585 3332 652 3376 esset
665 3325 889 3389 animadversum,
905 3322 1014 3390 nequid

60 3401 160 3448 temere
174 3395 253 3462 culpa
261 3413 313 3448 sua
326 3412 400 3448 secus
412 3394 609 3458 admitteretur,
623 3411 686 3447 eure
700 3396 788 3447 locum
800 3394 911 3446 delinire
919 3390 1013 3459 eoepit
