2317 3809
79 1625 92 1637 -
145 1607 241 1660 strata,

143 151 234 214 aas,
297 129 302 140 ’
432 155 828 216 »ιιιιιιηιιιιιιιιι

144 297 219 348 llaec
234 311 315 362 qnnrn
325 292 446 361 dhisret,
462 293 703 365 reinpraetnriunr
718 295 847 353 mulus
859 293 1036 350 sumeret
1051 294 1112 350 dit-

144 365 226 418 bdens
240 371 267 416 et
280 371 367 416 ιιιιιιιιιι
379 373 500 418 eventum
513 375 671 434 exspectans.
994 385 996 390 ’

212 429 255 484 9⁵.
289 434 400 499 Caesar,
419 433 586 501 Pompeianis
604 453 636 487 ex
653 436 720 504 lugu
736 431 808 486 intra
826 433 926 486 vellum
946 433 1111 500 eampulris,

145 502 246 553 nullum
258 501 370 569 spatium
384 503 527 570 perterritis
544 504 607 556 dare
619 512 739 572 oportere
752 501 921 567 existimans,
943 501 1046 556 milims
1060 520 1111 556 co·

144 571 264 622 hortatus
279 576 338 636 est,¹
350 576 379 624 ut
389 567 514 625 beneficio
528 571 647 626 fortunae
667 569 799 626 uterentur
812 578 947 638 castraque
959 573 1110 642 obpugna-

144 646 214 691 rent:
232 637 290 706 qui,
308 639 357 691 etsi
372 658 469 710 magno
480 647 553 697 noste
567 639 688 710 fatigati,
705 640 781 706 (anm
793 639 826 692 a'd
840 638 975 692 meridiem
985 657 1031 692 res
1044 645 1109 692 erat

144 707 281 776 perducta)
299 715 394 773 mmor,
407 711 440 763 ad
451 727 555 762 omnem
568 711 687 767 laborem
698 709 787 761 animo
799 709 894 776 parati,
900 706 1011 776 irnperio
1020 725 1108 790 paru-

145 782 229 830 erunt.
264 778 355 828 Caura
374 794 391 828 a
409 779 575 843 cohortibus,
601 796 667 847 quae
688 777 726 834 ibi
749 777 878 859 praesidio
895 784 968 844 orant
977 777 1105 844 relictae,

143 844 269 898 industrie
287 845 496 913 defendebantur,
511 849 595 901 multo
614 847 694 900 etiam
706 864 792 900 acrius
808 864 824 898 a
838 845 987 898 Thracibus
1000 844 1107 900 barba-

144 915 233 981 risque
244 915 356 967 auxiliis.
391 915 474 980 bam,
491 917 536 984 qui
549 917 606 969 acie
619 917 770 986 relegerunt
782 914 878 968 milites
893 922 917 967 et
933 915 1023 968 animo
1040 932 1106 982 per-

144 983 230 1036 territi
244 988 270 1034 et
284 983 435 1036 lassitudine
448 984 567 1050 contecti,
581 985 667 1038 missis
680 983 797 1054 plerique
809 983 889 1036 armis
905 981 1041 1052 signisque
1051 981 1105 1036 uri·

145 1051 281 1113 titanibus,
297 1053 384 1122 magis
396 1053 427 1104 de
438 1055 540 1122 reliqua
551 1052 631 1124 inger,
652 1071 731 1122 quam
746 1053 778 1104 de
791 1060 935 1106 castrorum
948 1051 1104 1104 defensione

146 1120 304 1189 rogitabant.
338 1123 502 1189 Nequevero
515 1122 621 1192 diutius,
638 1121 722 1190 quiin
740 1119 812 1174 vallo
833 1117 1011 1184 constiterant,
1030 1121 1103 1172 mul-

145 1188 282 1242 titudinem
302 1189 416 1248 tclorum
435 1192 562 1245 sustinere
583 1198 734 1260 potnerunt3
759 1189 804 1241 sed
821 1189 931 1242 conlecti
946 1185 1103 1248 vulneribus

116 1277 120 1289 ¹
146 1257 234 1313 lennem
245 1257 420 1324 reliquerunt,
437 1256 609 1342 protinusque
616 1275 712 1323 omnes,
726 1255 834 1310 ducibus
847 1257 888 1323 usi
899 1257 1102 1310 Centurionibus

57 1329 59 1336 ⁴
146 1320 322 1392 Tribuni-que
332 1327 461 1392 militnm,
477 1328 505 1381 in
524 1327 665 1386 altissimos
682 1335 799 1393 montes,
818 1327 864 1394 qui
877 1325 911 1389 ad
921 1333 1008 1380 eastra
1017 1325 1102 1399 perti-

146 1394 255 1456 nebant,
273 1395 452 1463 conlegerunt.
807 1400 810 1408 ⁴

214 1461 257 1513 96.
273 1463 304 1514 ln
317 1461 408 1516 eastris
418 1463 537 1532 Pompeii
545 1463 633 1516 ridere
644 1461 719 1516 licuit
731 1461 849 1516 trichilas
858 1467 960 1526 stratas,
970 1479 1101 1532 magnum

145 1529 248 1600 mim*
258 1531 527 1656 ll‘tl‘tiltil'l
538 1530 1025 1668 lttllllttitillttlilttttlt
1036 1549 1101 1652 tt:

146 1685 190 1730 1u3
208 1670 343 1736 meritaque
350 1680 492 1738 praeterea,
507 1690 573 1754 quae
587 1671 697 1724 nimiam
709 1670 839 1722 luxuriam
852 1677 878 1722 et
891 1669 1018 1722 victoriae
1031 1669 1101 1720 ridu-

145 1737 214 1788 ciam
229 1737 408 1807 designarent:
427 1749 455 1792 ut
468 1741 546 1792 hoerle
565 1740 699 1794 aestimari
712 1747 806 1806 posset,
821 1737 889 1791 nihil
902 1755 945 1790 eos
959 1739 990 1788 de
1004 1743 1100 1792 euentu

102 1861 106 1868 ,
145 1805 201 1859 cius
215 1806 267 1858 dici
284 1807 410 1874 timuisse,
428 1810 473 1876 qui
490 1827 541 1861 non
561 1808 720 1862 necessarius
743 1807 924 1875 conquirerent
941 1807 1098 1875 voluptates.

146 1876 182 1928 rit
196 1873 225 1925 bi
236 1875 384 1943 miserrimo
404 1896 434 1930 ac
447 1878 635 1946 patientissimo
648 1876 761 1929 exercitu
775 1877 892 1928 Caesaris
908 1876 1038 1928 luxuriem
1051 1877 1099 1928 ob-

146 1943 279 2010 iiciebnnt,
287 1946 329 1997 cui
335 1964 437 2013 semper
450 1948 537 2000 omnia
549 1944 999 1999 adnecessariumnsumdeinissent.
1017 1945 1098 1997 l'om-

145 2013 227 2080 peius,
245 2011 297 2064 inm
311 2033 392 2082 quum
408 2015 478 2068 intre
489 2017 591 2068 vellum
603 2015 685 2068 nostri
696 2021 868 2075 versarentur,
883 2017 979 2080 equum
998 2021 1097 2079 nactus,

147 2081 268 2147 detractis
286 2082 430 2150 insignibus
449 2084 635 2152 imperatoriis,
657 2085 800 2136 decumana
812 2090 887 2150 porta
906 2100 934 2133 se
954 2100 986 2134 ex
1007 2083 1098 2136 castris

147 2149 224 2207 eiecit
234 2150 403 2217 protinusque
416 2171 482 2218 equo
493 2154 572 2206 citato
584 2152 717 2205 [arissam
727 2152 864 2204 contendit.
878 2151 971 2218 Neque
984 2150 1022 2203 ibi
1036 2169 1098 2202 con-

147 2217 226 2281 stitit,
239 2219 285 2269 red
295 2220 388 2278 eadem
400 2221 542 2284 celeritate,
553 2237 651 2287 pancos
664 2239 725 2274 suos
738 2238 770 2272 ex
782 2221 848 2304 inqu
860 2225 958 2283 metris,
970 2225 1096 2272 noetmno

146 2285 240 2339 itinere
253 2303 305 2339 non
315 2287 470 2354 intermissa,
487 2290 613 2344 comitatu
624 2290 742 2356 equitum
756 2289 865 2358 triginta
876 2289 992 2340 admare
1005 2305 1096 2356 perre-

146 2356 185 2407 nit
198 2357 343 2421 navemque
350 2358 547 2412 frumentariam
560 2359 720 2422 conscendit3
737 2374 822 2426 saepe,
836 2363 865 2412 ut
877 2357 1021 2421 dicebatur,
1035 2375 1097 2426 que·

146 2432 221 2486 rens,
239 2429 341 2477 tautum
355 2428 539 2494 seepinionem
547 2427 682 2494 fefellisse,
701 2433 738 2491 ut,
756 2442 835 2494 aquo
849 2443 945 2495 mre
960 2426 1096 2479 bominum

147 2492 287 2614 tigurium
305 2504 447 2561 sperasset,
469 2499 505 2551 ab
523 2515 571 2561 eo,
587 2495 664 2550 initio
683 2497 765 2565 fugae
781 2497 866 2560 teoto,
883 2496 1094 2564 paensproditur

145 2563 174 2614 vi
191 2567 286 2615 eretur.

72 2624 77 2634 ’
214 2631 258 2684 bt.
283 2632 394 2696 Cnesm,
411 2633 502 2686 castris
518 2634 631 2702 potitus,
649 2649 666 2686 a
685 2632 813 2686 militibus
834 2633 980 2695 contendit,
1003 2649 1049 2698 ne,
1067 2633 1093 2685 in

146 2700 244 2767 praeda
255 2702 388 2768 occupati,
405 2703 500 2769 reliqui
516 2702 619 2772 negotii
634 2702 743 2771 gerendi
760 2701 1092 2756 ineuntem-arminerent

147 2769 209 2834 Qun
219 2787 248 2820 re
261 2769 406 2837 inpetmta,
424 2779 539 2824 montem
560 2789 639 2838 opere
656 2770 844 2824 circumvenire
856 2771 979 2824 instituit..
1016 2771 1092 2824 Pam·

146 2837 248 2904 peiuri,
272 2841 342 2906 quod
359 2840 383 2891 is
399 2858 474 2892 mons
496 2846 554 2893 erat
570 2840 627 2894 sine
646 2856 729 2907 aqua,
760 2839 842 2892 diiiisi
863 2840 889 2891 ei
908 2841 981 2900 loco,
1003 2840 1092 2892 relicta

147 2914 248 2970 moute,
266 2908 382 2961 universi
393 2909 458 2961 iuris
468 2909 524 2962 eius
532 2911 665 2962 Larissam
677 2925 769 2962 versus
781 2926 809 2959 se
817 2909 935 2976 recipere
947 2915 1090 2975 coeperunt.

147 2975 208 3040 Qua
219 2992 249 3025 re
263 2977 458 3043 animadversa,
484 2979 580 3031 arear
595 2977 683 3046 copias
694 2993 754 3030 suar
765 2976 868 3041 divisit,
886 2984 1037 3044 partemque
1055 2980 1091 3029 lo-

147 3043 256 3111 gionum
268 3043 403 3100 incana
414 3048 532 3116 Pompeii
546 3063 681 3103 remanere
693 3045 780 3108 iussit,
794 3052 896 3114 partem
909 3047 937 3098 in
950 3063 997 3099 sua
1010 3055 1091 3099 esraa
1131 3069 1132 3094 ι

146 3111 260 3173 remisit3
284 3124 396 3180 quatuor
414 3135 503 3170 secum
524 3117 642 3186 legionen
661 3115 735 3168 duxit
759 3115 987 3182 commodioreque
1002 3114 1091 3168 itinere
1131 3099 1132 3170 i

147 3179 315 3263 Pompeianis
329 3201 466 3267 occurrero
483 3186 623 3254 sospitet,
640 3201 791 3253 progressus
811 3184 888 3266 milia
905 3201 1028 3268 passuum
1041 3201 1089 3247 ser,

147 3265 232 3302 acrem
249 3260 379 3306 instruxit.
420 3257 526 3321 Quare
542 3254 738 3316 animaduersa,
761 3254 917 3320 Pompeiani
934 3271 962 3305 m
983 3254 1090 3320 quadarn

51 3360 58 3373 ι
147 3325 237 3374 ruente
250 3322 428 3377 constiterunt.
459 3325 539 3378 Hune
557 3330 675 3378 meum
691 3323 789 3376 flam
808 3323 955 3378 rublaebat.
990 3323 1088 3386 crem

1125 3517 1130 3729 l
