2317 3809
169 203 210 265 40
331 175 333 185 ⁴
439 206 643 281 nanuum
660 180 850 265 eunnr'co

170 350 261 399 ventus
277 346 404 415 coepisset
426 352 453 401 et
472 364 502 401 se
521 350 600 399 rente
615 346 755 414 dedissent,
777 351 804 401 et
817 348 998 414 tmpestutm
1015 347 1118 401 terrast

169 415 286 481 facilius,
303 426 330 471 et
341 418 369 469 in
381 418 456 470 rudis
475 418 641 471 consuerent
657 416 753 480 tutius,
769 423 812 481 et,
829 416 865 469 ub
878 422 952 470 aeda
965 416 1118 479 derelicta

171 484 239 537 nihil
259 500 322 539 saxu
340 491 370 547 et,
384 495 470 541 centes
487 486 621 539 timerentr
646 502 758 553 quemne
776 502 866 539 rerum
883 484 1000 539 mrim
1019 484 1120 539 mun

170 553 281 607 nuribus
291 571 366 607 casus
379 562 453 609 crunt
464 555 655 609 extimeseeudi.

239 621 283 684 14,
300 624 483 691 Compluribus
492 624 646 693 expugnatis
659 622 774 691 oppidis,
792 623 903 687 Oneum
917 620 966 674 ubi
977 618 1119 684 intellexit,

169 691 269 744 frustra
288 698 389 745 tantum
403 694 522 745 iuberem
539 692 623 756 sumi,
646 709 731 760 neque
740 692 855 745 bostimn
867 694 962 761 rugum
976 690 1059 757 nuptis
1069 705 1119 756 op-

171 760 239 829 pidis
249 760 371 827 reprimi,
390 778 472 829 neque
482 762 526 813 his
534 760 624 813 noceri
635 779 725 829 posse,
741 761 832 814 statuit
840 759 1038 827 asportandam
1049 760 1120 810 clas·

169 844 235 883 rem.
269 830 345 895 Quae
356 830 403 882 ubi
429 830 547 883 convenit
563 846 597 882 uc
614 832 729 897 primum
744 831 780 883 nb
791 830 912 883 hostibus
923 828 982 880 vin
995 834 1057 888 est..
1067 828 1120 879 cir-

171 898 337 951 citerocxx
355 915 434 951 neves
445 916 535 951 eorum
548 900 728 966 paratissimne
745 905 824 966 utque
836 897 909 951 omni
924 912 1121 967 generenam

170 984 233 1021 rum
248 967 442 1032 ornatissimae,
459 970 592 1034 preleetne
606 984 638 1020 ex
657 976 750 1036 portu,
767 967 861 1021 nostris
881 968 1006 1019 udvmoe
1020 965 1120 1016 cunsti-

172 1042 273 1090 terunt:
297 1053 381 1103 neque
401 1036 463 1089 satis
481 1037 579 1103 Bruto,
604 1036 651 1105 qui
668 1037 746 1091 cluse
768 1041 903 1103 praeerat,
927 1036 972 1087 rel
992 1032 1121 1087 Tribunis

173 1104 289 1159 militum
308 1104 571 1173 centurionibusque,
593 1107 688 1173 quibus
712 1106 833 1175 singulae
850 1120 933 1157 naves
947 1108 1023 1155 erunt
1037 1102 1120 1155 nuut-

174 1176 266 1238 butue,
283 1176 431 1240 comtabnt,
449 1175 511 1242 quid
529 1182 650 1245 agerent,
667 1178 715 1227 eut
730 1190 810 1243 quum
821 1174 951 1226 rationum
965 1175 1071 1240 pugne
1082 1171 1120 1222 in-

173 1242 301 1296 sisterent.
335 1245 432 1297 Restro
452 1244 521 1295 euim
540 1244 630 1298 noceri
643 1260 695 1304 nen
707 1260 783 1311 posse
795 1248 987 1312 cognoveram
1002 1239 1122 1293 turribus

173 1317 264 1365 nutem
274 1312 405 1379 excitatio,
421 1319 513 1367 tamen
522 1313 571 1365 hus
587 1314 698 1365 altitudo
714 1312 839 1380 puppium
857 1328 891 1363 ex
902 1308 1023 1362 barberio
1041 1309 1121 1361 navi-

174 1382 224 1435 bus
241 1382 393 1448 superabat,
416 1387 446 1433 ut
463 1398 546 1449 neque
565 1400 598 1433 ex
619 1381 743 1433 interiore
755 1383 815 1433 leco
833 1380 897 1431 rufis
913 1378 1050 1431 commode
1068 1378 1122 1430 tels

169 1447 255 1503 ‹udiici
264 1456 380 1515 possent,
397 1456 423 1502 et
437 1449 518 1501 missa
529 1449 564 1501 ub
580 1450 665 1503 Gellia
682 1449 792 1533 gamus
806 1447 960 1501 acciderent.
992 1447 1054 1499 Una
1064 1452 1122 1498 erut

174 1534 272 1587 megae
287 1520 347 1571 usui
363 1536 404 1571 res
423 1524 578 1585 praeparata
589 1535 607 1571 u
619 1527 728 1582 nostris,
744 1519 826 1570 teleos
844 1522 1015 1584 prueecatue,
1039 1516 1123 1567 inser·

175 1594 220 1641 tae
232 1586 383 1655 udlireeque
391 1587 538 1656 longuriis,
555 1604 606 1639 nen
618 1587 733 1641 absimili
744 1588 831 1639 formu
843 1585 988 1639 murellum
1001 1584 1121 1637 meum

140 1680 141 1689 ι
177 1656 227 1711 llis
239 1672 319 1723 quum
330 1658 419 1718 lanes,
435 1656 481 1723 qui
500 1662 634 1709 antemnas
652 1657 687 1709 ud
705 1657 790 1709 males
813 1655 986 1718 dertinobuut,
1002 1670 1123 1720 compre-

176 1724 252 1779 hensi
266 1726 420 1792 adductique
438 1733 526 1795 eruut,
551 1725 659 1794 navigio
675 1725 758 1781 ,rernm
773 1724 881 1782 incitato
902 1724 1124 1790 pruemmpebuu·

173 1802 228 1848 bur.
268 1794 370 1861 Quibus
395 1794 515 1859 abscisis,
547 1801 685 1847 nnoemnue
705 1793 849 1847 necessario
867 1792 1052 1855 concidebant,
1082 1796 1122 1855 ut,

178 1879 259 1931 quum
272 1862 355 1915 omnis
372 1863 481 1916 Gallicis
500 1862 612 1917 nasibus
626 1879 684 1931 spes
703 1863 731 1915 iu
747 1863 814 1916 velis
827 1860 1048 1927 armamentisque
1062 1876 1124 1911 een-
1146 1919 1147 1922 Ἴ

177 1931 291 1996 sisteret,
308 1932 350 1985 his
360 1932 465 1999 ereptis,
482 1931 566 1985 omnis
577 1950 638 1984 uem
652 1932 760 1985 nuvium
773 1948 825 1985 nno
835 1930 1122 1998 tempore'eriperetnr.

177 2002 323 2069 Reliprrmn
329 2006 520 2055 erutcertamen
529 2000 675 2068 positumiu
682 2000 846 2067 virtuteque
852 2000 932 2053 nostri
940 1998 1039 2051 milites
1046 1998 1124 2049 lueile

174 2072 341 2140 superabant,
349 2078 425 2137 atque
434 2088 464 2123 ee
472 2071 566 2139 magis,
574 2072 644 2137 quod
654 2071 682 2122 in
689 2079 824 2137 conspectu
831 2068 950 2122 Caesaris
956 2065 1125 2134 utqueomnis

178 2138 307 2199 exereitus
324 2154 366 2190 res
379 2140 535 2207 gerebatur,
552 2147 583 2193 ut
596 2141 699 2192 nullum
716 2140 805 2210 puello
820 2137 914 2191 lortius
927 2136 1028 2189 nean
1043 2136 1125 2187 lutere

171 2213 276 2275 possete
292 2224 380 2258 ornnes
396 2207 464 2260 enisu
481 2210 562 2261 eolles
579 2226 611 2260 ae
626 2210 687 2261 loen
698 2208 848 2275 superiore,
865 2207 933 2259 unde
946 2214 1004 2258 erut
1016 2204 1125 2273 propiu-

179 2292 247 2344 quus
257 2276 393 2343 despectus
406 2275 434 2327 in
446 2294 530 2337 mere,
548 2278 583 2331 ab
596 2278 711 2329 exercitu
724 2278 886 2329 tenebuntur.

248 2341 291 2396 15.
307 2343 435 2408 Deiectio,
458 2352 489 2398 ut
507 2344 632 2410 diximus,
649 2344 789 2410 unoemnie,
808 2362 890 2413 quum
909 2342 1028 2412 singulus
1048 2341 1126 2394 binae

179 2428 212 2467 ec
227 2419 316 2465 ternae
333 2429 412 2466 naves
426 2414 661 2479 circumsteterunt,
676 2414 774 2467 milites
787 2428 889 2467 summa
902 2412 930 2464 vi
944 2413 1125 2465 transceudere

180 2482 209 2535 in
227 2480 343 2533 hostium
363 2498 443 2535 naves
460 2483 654 2536 emeruerant
693 2484 771 2549 Quod
788 2488 926 2549 postquam
941 2480 1050 2533 burberi
1068 2480 1126 2534 lieri

179 2551 431 2614 animadverterunt,
447 2551 601 2633 expugnatis
619 2552 796 2619 compluribus
816 2550 941 2615 nuribus,
957 2549 1076 2616 quumei
1088 2548 1127 2602 rei

181 2622 284 2673 nullum
299 2618 456 2686 reperiretur
464 2620 608 2685 auxilium,
623 2622 689 2690 luga
700 2623 813 2674 salutern
825 2626 914 2689 petere
926 2619 1127 2671 contenderuntr

182 2704 215 2742 ee
237 2690 291 2741 iem
309 2686 439 2740 conversis
457 2688 485 2740 in
503 2705 562 2741 eam
577 2695 678 2757 purtem
694 2691 817 2751 nuribus,
841 2706 894 2756 qne
910 2694 1001 2741 ventus
1016 2688 1127 2752 ferebat,

152 2779 153 2787 ι
181 2762 255 2810 teuta
267 2757 352 2810 subito
371 2757 483 2811 malacia
502 2774 534 2810 ac
554 2759 728 2825 tranquillitas
739 2758 850 2823 exstitit,
866 2765 897 2811 ut
909 2774 938 2809 se
951 2775 984 2809 eu
997 2758 1057 2807 lece
1070 2773 1127 2807 mer·

183 2841 246 2877 vere
260 2843 310 2878 non
323 2832 433 2892 possent.
467 2826 541 2892 Quen
559 2827 665 2893 quidem
681 2846 723 2879 res
739 2829 774 2881 ud
791 2827 928 2896 negotium
939 2826 1128 2884 ceulieiendum

183 2894 298 2945 maxime
313 2894 364 2947 luit
386 2901 541 2963 opportune:
571 2912 635 2949 uum
654 2896 772 2979 singulm
786 2896 868 2949 uestri
887 2894 1027 2947 censentuti
1047 2910 1127 2961 expu-

183 2968 345 3033 gnaverunt,
364 2970 402 3015 -ut
417 2980 563 3031 perpaucae
580 2982 613 3016 ex
629 2982 705 3041 ¹emur
724 2982 847 3029 numero,
869 2965 953 3016 nemis
972 2964 1127 3025 interventu,

184 3032 218 3084 ed
232 3038 328 3085 terram
341 3032 516 3100 pervenerint,
534 3048 615 3101 quum
626 3034 661 3087 ab
675 3034 743 3087 horu
754 3035 913 3102 tauquam
926 3050 1008 3101 mque
1019 3034 1056 3085 ud
1064 3033 1128 3085 solis

184 3116 304 3153 oceasum
316 3107 484 3169 pugnaretur.

253 3168 296 3221 lt
314 3170 373 3235 Quo
385 3170 484 3237 proelio
501 3171 600 3223 bellum
620 3172 778 3224 Venetorum
795 3170 926 3237 tobimque
941 3186 1005 3224 erue
1018 3169 1128 3223 meritur-

184 3253 245 3289 rnue
259 3239 405 3291 conlectum
418 3245 466 3291 est.
499 3240 581 3303 Num,
596 3258 679 3306 quum
692 3240 776 3291 omnis
790 3240 926 3306 iuventus,
942 3256 1032 3292 ornnes
1049 3238 1128 3290 etium

185 3306 315 3375 gratioris
326 3306 430 3371 aetatis,
447 3307 577 3373 inquibus
588 3310 688 3376 aliquid
700 3307 803 3361 comilii
812 3316 859 3361 eut
869 3308 1006 3377 diguitatis
1019 3308 1082 3371 luit,
1098 3322 1127 3358 ee

100 3428 104 3433 ,
186 3381 373 3441 epnvenerant3
390 3382 460 3440 turn,
476 3376 584 3431 nuvium
601 3379 670 3445 quod
684 3378 781 3447 ubique
792 3378 892 3442 iuuat,
908 3394 991 3441 unum
1004 3377 1033 3430 iu
1042 3378 1128 3431 locum
