2317 3809
110 178 116 194 '
163 210 206 272 42
429 218 484 273 uu
505 216 651 275 suune
669 189 857 275 enenrco

234 349 282 415 la'
293 358 377 411 bueus
390 362 446 412 erat
460 362 604 413 castromm
619 358 703 413 editus
716 360 743 410 et
759 355 900 425 paullatim
913 359 949 411 ab
965 358 1022 411 imo
1035 360 1141 414 adcli-

165 426 221 493 vis,
239 428 342 481 circiter
360 446 451 497 passus
470 430 542 483 mile.
577 432 638 485 flue
656 421 754 498 ma'gno
772 445 851 479 eursu
871 431 1082 495 contenderunt,
1103 425 1142 483 ut

165 514 245 565 quam
262 498 401 551 minimam
415 499 493 565 spatii
509 500 544 551 ad
562 517 591 551 se
607 497 775 568 conligendas
787 498 978 565 armandosque
991 500 1142 552 Romanis
1156 523 1158 537 ·

166 568 285 631 daretur,
308 568 500 635 exanimatique
525 568 707 635 pervenerunt.
753 566 880 630 Sabinus,
904 586 964 619 suns
987 569 1141 634 hortatae,

166 636 329 703 cupientibus
355 638 461 706 signum
484 639 537 689 dat.
578 638 702 704 Inpeditis
723 636 843 687 hostibus
858 644 964 703 propter
979 654 1026 700 ea,
1056 654 1141 705 quae

165 706 297 773 ferebant,
320 724 413 771 onera,
442 707 529 759 subito
555 708 657 759 duabus
673 706 755 773 portis
773 704 938 771 eruptionem
956 706 1017 757 lieri
1035 706 1139 760 iubet.

165 775 277 827 Factum
293 781 332 827 est
352 776 544 845 obportunitate
563 776 631 840 loci,
652 775 770 827 hosfium
786 774 922 827 inscientia
940 792 972 827 ac
987 776 1141 846 defatiga-

165 844 250 909 tione,
266 843 364 896 virtute
382 844 510 909 militum,
527 846 691 913 superiorum
705 860 854 913 pugnarum
870 843 1082 910 exercitatione,
1107 852 1140 899 ut

123 962 127 971 ,
154 930 200 965 *aa
220 930 301 966 unum
320 913 424 981 quidem
447 922 596 966 nostrerum
618 914 733 981 inpetum
756 914 853 965 terrent
871 930 902 964 ae
928 914 1018 965 statim
1043 920 1140 983 terga

165 987 303 1035 verterent.
337 983 410 1048 Quos
427 982 554 1051 inpeditos
573 983 683 1052 integris
696 982 797 1034 viribus
815 982 913 1034 milites
930 982 1014 1034 neeri
1028 1000 1140 1036 conse-

166 1051 234 1114 cnti,
254 1067 380 1120 magliam
389 1069 527 1105 numerum
537 1070 629 1105 eurum
642 1052 805 1113 occiderunt3
820 1052 936 1119 reliquos
944 1052 1046 1118 equites
1062 1070 1140 1106 con-

129 1124 132 1130 “
166 1120 273 1183 sectati,
289 1136 402 1187 pransos,
420 1122 466 1188 qui
485 1140 518 1173 ex
538 1124 605 1191 luga
623 1125 774 1184 evaserant,
796 1120 966 1187 reliquerunt.
1000 1121 1050 1172 Sic
1074 1140 1158 1176 uno·

165 1198 283 1255 tempure
294 1196 320 1241 et
335 1190 367 1240 dc
378 1192 467 1243 navali
479 1206 568 1260 pugna
580 1191 693 1243 Sabinus
704 1197 732 1244 ct
748 1191 781 1241 de
791 1189 883 1246 Sabini
894 1190 1006 1242 victoria
1021 1190 1138 1245 Caesar

167 1258 263 1310 certior
279 1259 379 1322 tanetus,
402 1259 572 1327 civitatesque
586 1268 675 1312 omnes
692 1277 720 1310 se
737 1258 826 1311 statim
837 1259 943 1311 Titurio
956 1259 1136 1315 dediderunt.

165 1328 252 1391 Nam,
269 1333 298 1381 ut
309 1328 343 1379 ad
360 1328 433 1381 bella
445 1330 608 1396 suscipienda
623 1330 761 1380 Gallorum
779 1329 867 1379 alacer
886 1344 917 1379 ae
930 1334 1072 1395 promptus
1091 1338 1138 1385 est

167 1396 286 1459 auinaue,
303 1397 340 1448 sic
356 1397 444 1449 mollis
460 1414 492 1450 ac
505 1398 614 1451 minime
627 1398 747 1451 resistens
761 1397 796 1449 ad
808 1397 973 1451 ealmuitates
984 1398 1137 1466 perferen-

154 1466 214 1517 ·das
226 1482 299 1517 mous
311 1483 402 1517 eornm
417 1467 487 1535 [est].
590 1497 592 1502 ·

236 1532 280 1585 ‘ea
304 1534 404 1586 Eodem
418 1537 475 1588 lere
487 1540 605 1604 tempore
615 1538 646 1597 P.
664 1537 788 1602 Crassus,
805 1554 885 1604 quma
903 1536 932 1589 in
950 1535 1136 1605 Aquitaniam

167 1603 339 1675 peruenisset,
357 1621 424 1670 quae
442 1623 516 1673 pars,
534 1613 563 1658 ut
573 1613 635 1658 ante
650 1607 748 1659 dictum
764 1612 819 1670 est,
837 1612 864 1659 et
875 1606 1015 1673 regionmn
1028 1607 1136 1663 latitu-

168 1672 228 1725 dine
245 1678 270 1724 et
287 1674 454 1726 multitudine
470 1676 610 1727 hominum
629 1692 661 1727 ex
677 1676 755 1727 tertia
774 1681 849 1742 parte
864 1676 969 1727 Galliae
986 1680 1026 1727 cst
1039 1678 1135 1729 aesti-

167 1742 276 1805 manda,
294 1738 382 1809 'quum
399 1744 576 1813 intellegeret,
600 1744 629 1795 in
649 1745 702 1797 illis
715 1745 780 1796 locis
790 1745 842 1797 sibi
852 1746 952 1797 bellum
964 1746 1134 1813 gerendum,

166 1812 213 1863 ubi
226 1812 315 1880 paneis
328 1818 388 1864 ante
405 1812 479 1866 annis
491 1816 520 1866 L.
534 1814 654 1865 Valerius
666 1814 849 1879 Praeconinus,
862 1815 985 1883 Legatos,
1002 1815 1134 1868 exercitu

165 1882 258 1949 pulso,
275 1882 425 1934 interlectos
436 1889 517 1947 esset,
534 1883 689 1951 atqneunde
699 1883 729 1935 L.
741 1883 880 1948 Manilius,
898 1884 1059 1948 Perennem,
1084 1886 1133 1936 in-

73 1980 80 1989 .
164 1951 320 2019 pedimentis
337 1952 439 2007 amissis
458 1952 631 2023 profugisset,
649 1969 700 2005 nen
714 1952 872 2005 mediocrem
888 1952 940 2004 sibi
952 1952 1132 2021 diligentium

167 2020 344 2072 adhibendam
358 2022 535 2091 intellegebat.
568 2024 661 2092 Itaque
677 2041 707 2075 rc
720 2022 892 2074 frumentaria
904 2021 1025 2089 provisa,
1043 2025 1131 2076 auxi-

154 2088 210 2159 ¹liis
225 2090 392 2155 equitatuque
409 2098 576 2159 comparato,
600 2091 691 2145 multis
709 2096 846 2159 praeterea
859 2091 924 2142 viris
939 2091 1055 2143 fortibus
1067 2094 1131 2143 To-

164 2158 237 2221 lera,
255 2158 398 2209 Carcasone
412 2165 438 2211 et
455 2160 586 2225 Narbone,
602 2178 669 2229 quae
688 2167 747 2212 sunt
758 2160 877 2212 civitates
889 2159 993 2212 Galliae
1003 2161 1131 2213 Provin-

167 2226 237 2289 ciae,
254 2226 389 2279 finitumae
398 2228 440 2279 his
448 2229 612 2299 regionibus,
629 2229 784 2282 nominatim
796 2230 910 2281 evocatis
916 2258 929 2294 ,·
940 2229 968 2280 in
975 2229 1129 2283 Sotiatium

166 2287 230 2351 ilnee
254 2290 395 2347 exercitum
421 2296 570 2350 introduxit.
611 2299 692 2351 Cuius
717 2300 831 2350 adventu
850 2299 969 2367 cognito,
994 2298 1128 2364 sotiatee,

165 2364 269 2433 rruagnis
288 2364 369 2433 copiis
388 2367 485 2418 coactis
503 2368 683 2435 equitatuque,
706 2384 757 2435 quo
773 2368 918 2434 plurimum
937 2368 1081 2431 valebant,
1097 2370 1129 2421 in

84 2450 90 2471 ³
165 2433 258 2485 itinere
269 2449 363 2502 agmen
382 2441 498 2487 nestrum
514 2438 616 2500 adorti,
632 2437 748 2503 primum
767 2443 887 2503 equestre
899 2436 1032 2504 proelium
1044 2455 1128 2490 eom-

165 2502 303 2555 misernnt:
321 2503 426 2566 deinde,
444 2504 561 2571 equitatu
571 2523 619 2556 sno
630 2507 706 2572 puae
719 2511 796 2571 atque
807 2506 1000 2571 insequentibus
1011 2508 1126 2572 nostris,

166 2572 253 2624 subito
266 2572 394 2639 pedestris
407 2574 503 2639 capias,
519 2592 584 2641 quas
592 2575 619 2626 in
630 2576 750 2626 convalle
757 2575 785 2626 in
792 2574 893 2626 insidiis
906 2577 1125 2643 conlocaverunt,

166 2644 337 2695 ostenderunt.
354 2642 401 2704 lli,
414 2644 515 2698 nostros
528 2643 649 2695 disiectos
661 2645 755 2708 adorti,
771 2643 902 2712 proelium
913 2650 1087 2697 renovarunt.

235 2710 277 2765 ¹21.
294 2712 444 2779 Pugnatum
460 2717 498 2764 est
513 2712 559 2763 diu
575 2716 652 2781 atque
662 2713 773 2775 acriter,
796 2730 877 2780 quum
892 2713 1021 2777 Sotiates,
1038 2731 1126 2783 supe-

155 2778 278 2845 rioribus
292 2780 410 2833 uictoriis
422 2781 497 2844 fecti,
513 2780 541 2833 in
555 2799 604 2833 sua
620 2782 718 2834 virtme
737 2782 817 2834 totius
832 2782 988 2849 Aquitaniae
1002 2783 1124 2849 salutem

88 2890 97 2897 .
164 2848 279 2915 positam
291 2852 424 2914 perstarent3
441 2850 523 2903 nestri
537 2855 635 2915 autem,
648 2850 775 2918 quidsine
786 2853 948 2919 lmperatore
964 2855 990 2902 et
1003 2850 1061 2902 sine
1075 2870 1123 2904 re-

166 2916 245 2983 liquis
263 2918 426 2986 legionibus,
443 2920 636 2971 adolescentulo
652 2920 731 2982 duee,
750 2921 854 2972 efficere
866 2911 985 2987 possent,
1001 2922 1121 2988 perspici

74 2990 78 2995 '
165 2991 302 3053 cuperent:
326 2993 414 3038 tamen
427 2988 537 3040 conlecti
553 2988 705 3040 vulneribus
718 2990 807 3041 hostes
816 2995 893 3057 terga
902 2996 1017 3040 'venere
1041 2990 1122 3056 Quo-

165 3072 226 3106 rum
237 3070 335 3124 magno
359 3074 468 3108 numero
481 3057 632 3119 interfecto,
649 3058 759 3109 Crassus
772 3075 805 3110 ex
820 3058 914 3110 itinere
927 3057 1051 3124 oppidum
1066 3060 1122 3112 Sc·

168 3123 273 3177 tiatinm
295 3125 447 3193 obpugnare
460 3126 552 3193 coepit.
588 3126 690 3191 Quibus
701 3127 804 3179 fortiter
823 3127 1010 3191 resistentibus,
1023 3127 1119 3181 tineas

167 3200 304 3259 turresque
323 3194 385 3275 egit.
407 3194 464 3258 llli,
482 3196 548 3276 alias
560 3195 695 3277 eruptiqne
711 3200 823 3278 tentata,
848 3196 914 3248 alias
933 3196 1120 3281 cuniculis-ad

167 3276 297 3381 tetta
315 3264 700 3397 .'¹¹¹53.3t¹¹.⁰..⁰⁰t¹t;dtttt2
716 3265 1117 3398 tttt¹¹t,‚¹tt³⁰...¹'⁰ttttt.¹

165 3348 284 3453 saburrae
299 3348 388 3467 duab)
404 3396 452 3451 ubi
469 3397 609 3472 diligentia
625 3372 775 3455 nestiemur
793 3402 862 3456 nillil
877 3402 920 3456 bis
930 3403 1009 3456 rubus
1019 3404 1116 3471 pratici
