2317 3809
168 221 229 286 144
434 226 855 300 natantianatantia
884 249 887 258 ·

162 381 164 384 ·
235 317 379 422 disl'lare
393 369 518 437 cognitas
531 369 647 432 Caesar,
665 365 784 434 mentis
799 366 922 420 omnibns
933 365 1050 420 tbrlbbte·
1060 380 1128 441 par·

128 485 137 492 .
165 439 234 492 tibus
251 441 376 490 bonores
395 446 482 507 getes
492 439 595 490 rideret
611 437 804 503 indicaretque,
822 437 998 504 superioribus
1011 437 1127 489 aestivis

105 509 106 512 ’
168 507 283 561 Galliam
299 507 427 560 devictam
448 515 473 562 et
485 510 621 560 subactam
635 523 706 569 csse3
723 506 890 572 Aquitaniam
903 519 1051 572 nnrnqunrn
1066 505 1128 571 ipse

125 581 128 586 ’
165 577 278 640 edisset,
294 579 339 628 sed
350 595 396 645 per
411 578 441 630 P.
458 578 584 629 Crassum·
595 576 709 641 qondam
720 593 752 626 cx
764 575 1001 642 possessionen
1020 591 1087 625 enm
1099 576 1126 626 ll

164 645 311 714 legionibus
323 647 350 698 in
362 663 421 698 casn
431 654 534 713 partem
546 649 585 696 est
601 645 748 710 protenus,
765 650 795 696 ut
805 645 844 696 ibi
855 651 999 696 extremm
1015 649 1125 710 tempus

166 721 329 768 consumeret
343 716 516 767 aestiuorum
535 725 614 780 qnam
627 727 698 776 roan,
714 713 783 765 sicut
798 719 898 776 cetera,
920 712 1043 765 celeriter
1058 712 1124 764 teli-

165 784 281 851 citerque
300 785 424 836 coniecit:
441 788 553 850 namque
562 798 660 843 somnes
672 781 828 850 Aquitaniae
838 782 957 834 civitates
967 783 1075 849 legatos
1088 783 1123 833 ad

165 871 226 906 eum
236 853 362 921 quises-unt
375 852 527 918 obsidesque
541 848 566 905 oi
578 852 710 904 dedenmt.
745 851 848 918 Quibus
859 853 938 903 rebus
950 850 1045 918 gestis,-
1063 851 1122 917 ipse

165 939 226 976 cum
241 922 358 989 equiturn
376 921 669 990 pmesidio'Nnrboncm
686 921 818 988 prolectas
838 927 892 985 est,
908 920 1054 973 exercitum
1073 937 1122 986 per

164 993 279 1060 Legatos
291 991 318 1042 in
330 991 442 1044 hiberna
458 991 576 1055 deduxit:
596 999 708 1055 quatuor
718 989 838 1057 legiones
849 989 876 1041 in
888 989 983 1058 Belgio
993 990 1120 1043 conloca-

57 1083 59 1091 ι
164 1060 204 1112 vit
222 1078 283 1112 cum
301 1061 340 1112 M.
361 1059 473 1112 Antonin
488 1067 514 1112 et
533 1061 562 1112 C.
581 1058 714 1112 Trebonio
728 1065 754 1110 et
767 1060 797 1110 Ρ.
811 1058 914 1121 Vatinio
927 1066 953 1110 ct
966 1058 999 1123 Q.
1013 1057 1118 1117 Tullio,

62 1135 66 1154 ¹
163 1129 284 1197 Legata:
301 1130 366 1181 diras
377 1130 404 1180 iu
414 1131 516 1182 Aedsios
530 1128 617 1191 misit,
634 1145 746 1195 qnorum
758 1126 787 1178 in
800 1127 873 1180 omni
882 1126 971 1180 Gallia
981 1143 1117 1178 summam

164 1211 220 1248 esse
241 1197 423 1252 auctoritatem
442 1198 552 1250 sciebat:
565 1199 644 1251 ‘duas
666 1197 695 1248 in
713 1196 828 1249 Turonis
846 1197 881 1247 ad
892 1197 956 1246 lines
969 1195 1118 1252 Cornutum

125 1293 127 1298 ·
162 1265 263 1334 posuit,
281 1283 461 1332 quaeenmem
475 1266 610 1334 regionem
630 1265 796 1327 coniunctam
815 1265 921 1324 Oceano
938 1265 1115 1316 continerent:

163 1335 228 1391 daus
244 1336 359 1402 reliquas
379 1335 407 1386 iu
431 1334 602 1392 Lemovicum
618 1334 690 1397 finis,
707 1351 759 1386 non
776 1336 855 1403 lenge
876 1335 911 1386 ab
924 1331 1065 1395 Arvernis,
1083 1351 1116 1384 ne

150 1419 216 1470 ,qua
238 1421 300 1470 pars
321 1404 425 1456 Galliae
446 1419 530 1456 vacua
540 1404 578 1462 nb¹
588 1402 703 1454 exercitu
723 1408 799 1459 esset.
833 1404 937 1455 Paucos
948 1401 1003 1454 dies
1017 1401 1115 1468 ipsein

160 1471 301 1526 Provincia
314 1478 439 1533 moratus,
455 1489 536 1539 quum
552 1470 673 1528 celeriter
682 1487 771 1524 omnes
785 1478 926 1524 conventus
936 1471 1115 1538 percucurris-

62 1547 64 1556 '
160 1547 214 1605 set,
244 1541 363 1608 publicat
383 1541 571 1596 controversias
591 1540 769 1608 mgnerisset,
789 1541 974 1593 benemeritis
993 1540 1115 1607 praemia

160 1610 300 1672 tribuisset,
318 1609 501 1692 (cognoscendi
512 1609 581 1669 enim
590 1609 732 1661 maximam
747 1610 899 1662 laenitatem
905 1610 1029 1675 habebnt,
1039 1609 1113 1675 quali

69 1693 74 1703 ¹
149 1679 272 1746 quisque.
291 1679 378 1734 animo
401 1695 428 1730 tn
441 1679 631 1745 rempublicam
645 1679 737 1732 luisset
751 1679 830 1731 totius
840 1679 949 1730 Galliae
959 1677 1111 1738 delectione,

159 1764 240 1869 tlt
249 1745 1112 1888 tttttttt‘tdttlltt‘t'ttd'tlttdtttttultltlt

373 1855 381 1881 l

160 1893 335 1940 metocennne.
490 1920 493 1926 ·

229 1953 272 2008 li.
290 1956 330 2008 lbi
340 1953 485 2023 cognoscit,
502 1943 652 2008 Commium
665 1953 815 2025 Atrebatem
825 1953 925 2036 proelio
936 1971 998 2007 cnm
1009 1954 1110 2022 equita-

160 2029 190 2076 tu
210 2040 257 2076 suo
278 2025 445 2078 contendisse.
478 2023 560 2086 Num,
579 2041 659 2090 quum
678 2023 804 2076 Antonius
823 2041 851 2075 m
867 2021 978 2076 hiberna
997 2023 1111 2075 venisset

159 2092 303 2159 civitasque
316 2095 469 2147 Atrebatum
484 2093 515 2144 in'
526 2091 614 2150 allicio
631 2095 762 2157 maneret,
785 2092 933 2157 cennius,
949 2091 995 2159 qui
1007 2099 1065 2160 post
1076 2092 1110 2144 il-

157 2161 215 2220 lam
229 2162 443 2224 vulnerationem,
461 2178 540 2227 quam
554 2159 854 2230 supracommemorani,
870 2179 972 2228 semper
978 2161 1012 2214 ad
1019 2178 1109 2214 omnes

159 2236 245 2282 motus
256 2235 361 2297 paratus
372 2229 427 2281 suis
435 2229 535 2281 civibus
548 2247 604 2282 esse
616 2236 770 2290 consuesset.
788 2248 821 2282 ne
834 2229 943 2282 consilia
951 2229 1017 2282 belli
1027 2247 1108 2298 quac-

112 2307 114 2314 ’
160 2299 276 2351 rentibus
290 2303 380 2350 auctor
392 2315 524 2350 armorum
540 2299 643 2366 duxque
657 2299 770 2361 deesset,
786 2303 892 2365 parente
904 2299 1030 2353 Romanis
1041 2298 1108 2350 ciri-

159 2375 228 2432 tnto,
246 2385 306 2418 cnm
317 2367 370 2418 suis
383 2366 513 2434 equitibus
523 2385 550 2418 se
563 2385 673 2434 suosque
683 2367 827 2421 latrociniis
839 2369 941 2430 alebat,
957 2369 1108 2435 infestisque

157 2435 294 2490 itineribus
310 2441 468 2488 commeatus
486 2435 640 2502 complures,
657 2437 701 2504 qui
714 2437 943 2504 comportabantur
954 2436 984 2490 iu
997 2437 1108 2492 biberes

158 2507 351 2566 Romanorum,
369 2503 555 2570 intercipiebat.

228 2573 270 2626 48.
287 2575 352 2626 Erat
371 2573 516 2626 adtributus
535 2571 648 2627 Antonio
669 2574 820 2628 Praefectus
831 2573 961 2641 equitnm,
979 2574 1009 2627 G.
1025 2574 1105 2628 Voln-

140 2701 144 2707 ,
156 2661 233 2696 senus
243 2645 405 2710 Quadratus,
423 2641 469 2709 qui
481 2659 542 2693 cum
555 2661 587 2694 eo
598 2643 735 2696 hiemaret.
768 2645 847 2694 Hunc
859 2645 985 2697 Antonius
994 2644 1032 2697 'ad
1045 2661 1105 2710 per—

156 2713 314 2781 sequendum
328 2713 443 2764 hostium
457 2711 601 2778 equitatum
615 2712 704 2767 mittit.
738 2712 881 2764 Volusenus
896 2720 984 2766 autem
998 2714 1032 2767 ad
1044 2729 1104 2768 cam

155 2781 297 2845 ¹virtutem,
321 2797 388 2848 quae
404 2780 545 2848 singularis
563 2780 591 2832 in
608 2798 642 2834 co
653 2787 723 2846 erat,
746 2798 874 2864 magnum
886 2782 976 2835 odium
992 2781 1103 2836 cemmti

156 2851 330 2933 adiungebat,
347 2867 398 2916 que
414 2849 535 2902 libentius
550 2849 577 2902 id
592 2849 698 2914 faceret,
715 2851 785 2918 qnod
798 2854 983 2918 imperabatur.
1015 2851 1103 2918 ltaque

156 2919 286 2987 dispositis
303 2919 417 2982 insidiis,
431 2919 532 2986 saepius
549 2919 605 2972 eius
619 2920 718 2988 equites
734 2920 887 2988 adgressus,
904 2916 1015 2972 secunda
1027 2937 1103 2988 pree

155 2986 194 3041 lia
212 2988 333 3040 iaciebat.
368 2987 528 3052 Novissime,
554 3006 636 3055 quum
655 2989 834 3040 vehementius
854 2990 1050 3041 contenderetur
1072 3007 1101 3042 ac

155 3057 314 3120 Volusenus,
342 3057 424 3122 ipsius
443 3056 623 3125 intercipiendi
633 3057 755 3127 ¹(brunsii
773 3057 927 3124 eupiditate,
948 3059 1102 3125 pertinacius

155 3131 217 3178 mm
229 3143 289 3178 cnm
301 3126 390 3192 paucis
401 3126 530 3178 insecutus
544 3133 624 3191 meet,
640 3126 687 3178 ille
700 3133 786 3178 annm
806 3128 872 3196 lnge
888 3127 1038 3180 vehementi
1049 3129 1101 3178 νιν

126 3197 127 3202 ’
154 3197 272 3248 luseunm
295 3193 399 3263 longius
417 3196 595 3261 produxissem
618 3202 724 3262 repente
743 3196 861 3248 omnium
879 3209 987 3248 snorum
1000 3197 1101 3248 invocat

154 3263 233 3316 tidem
245 3273 323 3330 atque
337 3263 480 3327 auxilinm,
497 3282 530 3316 nc
544 3283 592 3317 sna
603 3267 729 3327 vnlnere,
745 3266 856 3331 pertidia
870 3265 1037 3332 interposita,
1053 3281 1099 3331 pa-

153 3338 268 3387 terentur
278 3333 376 3395 inultm
393 3349 568 3400 conversoque
580 3350 661 3401 equo,
678 3350 706 3385 se
717 3349 733 3384 a
745 3334 837 3386 ceteris
850 3333 980 3392 incautius
995 3335 1099 3402 permit·

154 3401 185 3456 tit
197 3401 407 3456 inl’raetectum.
441 3402 554 3459 Fecisset
570 3403 642 3458 idem
660 3417 750 3479 omnes
765 3403 822 3457 eius
839 3403 939 3474 equites
957 3420 1100 3473 paucosque
