<?xml version="1.0" encoding="UTF-8"?>
<!DOCTYPE html PUBLIC "-//W3C//DTD XHTML 1.0 Transitional//EN"
    "http://www.w3.org/TR/xhtml1/DTD/xhtml1-transitional.dtd">
<html xmlns="http://www.w3.org/1999/xhtml" xml:lang="en" lang="en">
 <head>
  <title>
</title>
<meta http-equiv="Content-Type" content="text/html;charset=utf-8" />
  <meta name='ocr-system' content='tesseract 3.04.00' />
  <meta name='ocr-capabilities' content='ocr_page ocr_carea ocr_par ocr_line ocrx_word'/>
</head>
<body>
  <div class='ocr_page' id='page_1' title='image "./cjuliicaesarisc04caesgoog_0035.png"; bbox 0 0 2317 3809; ppageno 0'>
   <div class='ocr_carea' id='block_1_1' title="bbox 341 162 1018 229">
    <p class='ocr_par' dir='ltr' id='par_1_1' title="bbox 341 162 1018 229">
     <span class='ocr_line' id='line_1_1' title="bbox 341 162 1018 229; baseline -0.001 -1"><span class='ocrx_word' id='word_1_1' title='bbox 341 166 467 229; x_wconf 71' lang='lat' dir='ltr'><strong><em>&#39;met</em></strong></span> <span class='ocrx_word' id='word_1_2' title='bbox 502 172 591 227; x_wconf 76' lang='lat' dir='ltr'><strong><em>GAP.</em></strong></span> <span class='ocrx_word' id='word_1_3' title='bbox 606 170 732 229; x_wconf 69' lang='lat' dir='ltr'><strong><em>ib—bb.</em></strong></span> <span class='ocrx_word' id='word_1_4' title='bbox 977 162 1018 227; x_wconf 79' lang='lat'><strong><em>15</em></strong></span> 
     </span>
    </p>
   </div>
   <div class='ocr_carea' id='block_1_2' title="bbox 48 312 1035 1490">
    <p class='ocr_par' dir='ltr' id='par_1_2' title="bbox 48 312 1035 1490">
     <span class='ocr_line' id='line_1_2' title="bbox 59 312 1018 379; baseline -0.005 -11"><span class='ocrx_word' id='word_1_5' title='bbox 59 316 107 368; x_wconf 78' lang='lat' dir='ltr'><strong><em>eu</em></strong></span> <span class='ocrx_word' id='word_1_6' title='bbox 121 316 214 367; x_wconf 77' lang='lat' dir='ltr'><strong><em>liceret</em></strong></span> <span class='ocrx_word' id='word_1_7' title='bbox 221 332 232 379; x_wconf 75' lang='grc' dir='ltr'><strong><em>ς</em></strong></span> <span class='ocrx_word' id='word_1_8' title='bbox 257 330 322 367; x_wconf 86' lang='lat' dir='ltr'><strong><em>neue</em></strong></span> <span class='ocrx_word' id='word_1_9' title='bbox 334 315 439 367; x_wconf 78' lang='lat' dir='ltr'><strong><em>Aeduos</em></strong></span> <span class='ocrx_word' id='word_1_10' title='bbox 450 312 548 366; x_wconf 80' lang='lat' dir='ltr'><strong><em>iniuria</em></strong></span> <span class='ocrx_word' id='word_1_11' title='bbox 562 313 711 374; x_wconf 66' lang='lat' dir='ltr'><strong><em>meumst,</em></strong></span> <span class='ocrx_word' id='word_1_12' title='bbox 727 329 791 365; x_wconf 79' lang='lat' dir='ltr'><strong><em>nene</em></strong></span> <span class='ocrx_word' id='word_1_13' title='bbox 804 314 845 365; x_wconf 84' lang='lat' dir='ltr'><strong><em>bio</em></strong></span> <span class='ocrx_word' id='word_1_14' title='bbox 858 312 964 365; x_wconf 79' lang='lat' dir='ltr'><strong><em>sociisve</em></strong></span> <span class='ocrx_word' id='word_1_15' title='bbox 974 328 1018 363; x_wconf 84' lang='lat' dir='ltr'><strong><em>eo-</em></strong></span> 
     </span>
     <span class='ocr_line' id='line_1_3' title="bbox 58 382 1019 451; baseline -0.004 -15"><span class='ocrx_word' id='word_1_16' title='bbox 58 402 113 436; x_wconf 84' lang='lat' dir='ltr'><strong><em>rum</em></strong></span> <span class='ocrx_word' id='word_1_17' title='bbox 134 383 233 437; x_wconf 83' lang='lat' dir='ltr'><strong><em>betium</em></strong></span> <span class='ocrx_word' id='word_1_18' title='bbox 254 385 378 451; x_wconf 76' lang='lat' dir='ltr'><strong><em>inferret:</em></strong></span> <span class='ocrx_word' id='word_1_19' title='bbox 401 384 424 435; x_wconf 86' lang='lat' dir='ltr'><strong><em>si</em></strong></span> <span class='ocrx_word' id='word_1_20' title='bbox 443 383 473 435; x_wconf 77' lang='lat' dir='ltr'><strong><em>ii</em></strong></span> <span class='ocrx_word' id='word_1_21' title='bbox 487 384 528 434; x_wconf 89' lang='lat' dir='ltr'><strong><em>ita</em></strong></span> <span class='ocrx_word' id='word_1_22' title='bbox 540 384 666 447; x_wconf 80' lang='lat' dir='ltr'><strong><em>fecisset,</em></strong></span> <span class='ocrx_word' id='word_1_23' title='bbox 683 382 733 434; x_wconf 82' lang='lat' dir='ltr'><strong><em>sibi</em></strong></span> <span class='ocrx_word' id='word_1_24' title='bbox 745 382 887 450; x_wconf 85' lang='lat' dir='ltr'><strong><em>Poputoque</em></strong></span> <span class='ocrx_word' id='word_1_25' title='bbox 899 382 1019 433; x_wconf 79' lang='lat' dir='ltr'><strong><em>Romano</em></strong></span> 
     </span>
     <span class='ocr_line' id='line_1_4' title="bbox 54 452 1018 523; baseline -0.004 -18"><span class='ocrx_word' id='word_1_26' title='bbox 54 463 212 523; x_wconf 82' lang='lat' dir='ltr'><strong><em>perpetuam</em></strong></span> <span class='ocrx_word' id='word_1_27' title='bbox 227 456 347 523; x_wconf 77' lang='lat' dir='ltr'><strong><em>gratiam</em></strong></span> <span class='ocrx_word' id='word_1_28' title='bbox 356 460 434 522; x_wconf 88' lang='lat' dir='ltr'><strong><em>utque</em></strong></span> <span class='ocrx_word' id='word_1_29' title='bbox 444 453 589 505; x_wconf 79' lang='lat' dir='ltr'><strong><em>amicitiem</em></strong></span> <span class='ocrx_word' id='word_1_30' title='bbox 601 452 660 503; x_wconf 79' lang='lat' dir='ltr'><strong><em>eum</em></strong></span> <span class='ocrx_word' id='word_1_31' title='bbox 674 469 703 503; x_wconf 90' lang='lat' dir='ltr'><strong><em>eo</em></strong></span> <span class='ocrx_word' id='word_1_32' title='bbox 710 454 849 517; x_wconf 75' lang='lat' dir='ltr'><strong><em>suturam:</em></strong></span> <span class='ocrx_word' id='word_1_33' title='bbox 867 453 953 502; x_wconf 88' lang='lat' dir='ltr'><strong><em>sinon</em></strong></span> <span class='ocrx_word' id='word_1_34' title='bbox 968 452 1018 501; x_wconf 86' lang='lat' dir='ltr'><strong><em>im-</em></strong></span> 
     </span>
     <span class='ocr_line' id='line_1_5' title="bbox 55 521 1020 591; baseline -0.005 -16"><span class='ocrx_word' id='word_1_35' title='bbox 55 531 189 591; x_wconf 84' lang='lat' dir='ltr'><strong><em>petreret,</em></strong></span> <span class='ocrx_word' id='word_1_36' title='bbox 221 538 293 585; x_wconf 89' lang='lat' dir='ltr'><strong><em>sese,</em></strong></span> <span class='ocrx_word' id='word_1_37' title='bbox 318 524 440 591; x_wconf 87' lang='lat' dir='ltr'><strong><em>quoniam</em></strong></span> <span class='ocrx_word' id='word_1_38' title='bbox 465 522 502 573; x_wconf 88' lang='grc' dir='ltr'><strong><em>Μ.</em></strong></span> <span class='ocrx_word' id='word_1_39' title='bbox 523 521 639 583; x_wconf 74' lang='lat' dir='ltr'><strong><em>Messtrto</em></strong></span> <span class='ocrx_word' id='word_1_40' title='bbox 661 522 700 573; x_wconf 86' lang='grc' dir='ltr'><strong><em>Μ.</em></strong></span> <span class='ocrx_word' id='word_1_41' title='bbox 719 522 810 573; x_wconf 84' lang='lat' dir='ltr'><strong><em>Pisone</em></strong></span> <span class='ocrx_word' id='word_1_42' title='bbox 826 522 1020 577; x_wconf 60' lang='lat' dir='ltr'><strong><em>canusinatus</em></strong></span> 
     </span>
     <span class='ocr_line' id='line_1_6' title="bbox 57 590 1019 661; baseline -0.005 -17"><span class='ocrx_word' id='word_1_43' title='bbox 57 594 211 655; x_wconf 72' lang='lat' dir='ltr'><strong><em>tumuisset,</em></strong></span> <span class='ocrx_word' id='word_1_44' title='bbox 229 594 284 653; x_wconf 87' lang='lat' dir='ltr'><strong><em>uti,</em></strong></span> <span class='ocrx_word' id='word_1_45' title='bbox 301 594 452 661; x_wconf 73' lang='lat' dir='ltr'><em>quicumque</em></span> <span class='ocrx_word' id='word_1_46' title='bbox 470 591 585 643; x_wconf 83' lang='lat' dir='ltr'><strong><em>Galliam</em></strong></span> <span class='ocrx_word' id='word_1_47' title='bbox 601 592 763 660; x_wconf 79' lang='lat' dir='ltr'><strong><em>prouinciam</em></strong></span> <span class='ocrx_word' id='word_1_48' title='bbox 785 591 927 651; x_wconf 85' lang='lat' dir='ltr'><strong><em>obtineret,</em></strong></span> <span class='ocrx_word' id='word_1_49' title='bbox 951 590 1019 657; x_wconf 79' lang='lat' dir='ltr'><strong><em>quod</em></strong></span> 
     </span>
     <span class='ocr_line' id='line_1_7' title="bbox 57 659 1019 729; baseline -0.004 -16"><span class='ocrx_word' id='word_1_50' title='bbox 57 662 189 713; x_wconf 78' lang='lat' dir='ltr'><strong><em>wmmorio</em></strong></span> <span class='ocrx_word' id='word_1_51' title='bbox 200 662 358 728; x_wconf 79' lang='lat' dir='ltr'><strong><em>reipublicae</em></strong></span> <span class='ocrx_word' id='word_1_52' title='bbox 367 664 461 728; x_wconf 78' lang='lat' dir='ltr'><strong><em>sanem</em></strong></span> <span class='ocrx_word' id='word_1_53' title='bbox 471 668 571 729; x_wconf 88' lang='lat' dir='ltr'><strong><em>posset,</em></strong></span> <span class='ocrx_word' id='word_1_54' title='bbox 588 662 691 712; x_wconf 79' lang='lat' dir='ltr'><strong><em>Aeduos</em></strong></span> <span class='ocrx_word' id='word_1_55' title='bbox 702 669 847 729; x_wconf 86' lang='lat' dir='ltr'><strong><em>ceterosque</em></strong></span> <span class='ocrx_word' id='word_1_56' title='bbox 860 660 956 709; x_wconf 86' lang='lat' dir='ltr'><strong><em>emioos</em></strong></span> <span class='ocrx_word' id='word_1_57' title='bbox 971 659 1019 709; x_wconf 89' lang='lat' dir='ltr'><strong><em>Po-</em></strong></span> 
     </span>
     <span class='ocr_line' id='line_1_8' title="bbox 53 728 1035 799; baseline -0.004 -17"><span class='ocrx_word' id='word_1_58' title='bbox 53 732 111 799; x_wconf 83' lang='lat' dir='ltr'><strong><em>peti</em></strong></span> <span class='ocrx_word' id='word_1_59' title='bbox 124 732 242 783; x_wconf 85' lang='lat' dir='ltr'><strong><em>Romani</em></strong></span> <span class='ocrx_word' id='word_1_60' title='bbox 260 731 424 798; x_wconf 83' lang='lat' dir='ltr'><strong><em>defenderet,</em></strong></span> <span class='ocrx_word' id='word_1_61' title='bbox 447 747 503 785; x_wconf 87' lang='lat' dir='ltr'><strong><em>sese</em></strong></span> <span class='ocrx_word' id='word_1_62' title='bbox 522 730 672 783; x_wconf 77' lang='lat' dir='ltr'><strong><em>Aeduorum</em></strong></span> <span class='ocrx_word' id='word_1_63' title='bbox 683 730 794 783; x_wconf 84' lang='lat' dir='ltr'><strong><em>iniurias</em></strong></span> <span class='ocrx_word' id='word_1_64' title='bbox 814 746 866 781; x_wconf 90' lang='lat' dir='ltr'><strong><em>non</em></strong></span> <span class='ocrx_word' id='word_1_65' title='bbox 884 728 1035 797; x_wconf 69' lang='lat' dir='ltr'><strong><em>neglecte,</em></strong></span> 
     </span>
     <span class='ocr_line' id='line_1_9' title="bbox 54 810 619 853; baseline -0.007 -1"><span class='ocrx_word' id='word_1_66' title='bbox 54 810 123 853; x_wconf 71' lang='lat' dir='ltr'><strong><em>wtti-</em></strong></span> <span class='ocrx_word' id='word_1_67' title='bbox 616 839 619 848; x_wconf 91' lang='lat'>.</span> 
     </span>
     <span class='ocr_line' id='line_1_10' title="bbox 125 864 1019 935; baseline -0.004 -14"><span class='ocrx_word' id='word_1_68' title='bbox 125 866 171 921; x_wconf 78' lang='lat'><strong><em>36.</em></strong></span> <span class='ocrx_word' id='word_1_69' title='bbox 188 867 230 919; x_wconf 78' lang='lat' dir='ltr'><strong><em>se</em></strong></span> <span class='ocrx_word' id='word_1_70' title='bbox 243 868 309 921; x_wconf 83' lang='lat' dir='ltr'><strong><em>baec</em></strong></span> <span class='ocrx_word' id='word_1_71' title='bbox 315 866 461 920; x_wconf 65' lang='lat' dir='ltr'><strong><em>Ariouistus</em></strong></span> <span class='ocrx_word' id='word_1_72' title='bbox 471 867 619 935; x_wconf 76' lang='lat' dir='ltr'><strong><em>respondite</em></strong></span> <span class='ocrx_word' id='word_1_73' title='bbox 636 864 683 920; x_wconf 79' lang='lat' dir='ltr'><strong><em>lus</em></strong></span> <span class='ocrx_word' id='word_1_74' title='bbox 692 884 746 919; x_wconf 89' lang='lat' dir='ltr'><strong><em>esse</em></strong></span> <span class='ocrx_word' id='word_1_75' title='bbox 761 867 831 931; x_wconf 85' lang='lat' dir='ltr'><strong><em>betti,</em></strong></span> <span class='ocrx_word' id='word_1_76' title='bbox 841 874 879 931; x_wconf 90' lang='lat' dir='ltr'><strong><em>ut,</em></strong></span> <span class='ocrx_word' id='word_1_77' title='bbox 889 866 935 935; x_wconf 87' lang='lat' dir='ltr'><strong><em>qui</em></strong></span> <span class='ocrx_word' id='word_1_78' title='bbox 942 866 1019 917; x_wconf 85' lang='lat' dir='ltr'><strong><em>uicis-</em></strong></span> 
     </span>
     <span class='ocr_line' id='line_1_11' title="bbox 56 936 1018 1006; baseline -0.004 -17"><span class='ocrx_word' id='word_1_79' title='bbox 56 945 123 999; x_wconf 85' lang='lat' dir='ltr'><strong><em>sent,</em></strong></span> <span class='ocrx_word' id='word_1_80' title='bbox 138 938 179 1001; x_wconf 85' lang='lat' dir='ltr'><strong><em>iis,</em></strong></span> <span class='ocrx_word' id='word_1_81' title='bbox 194 946 256 1006; x_wconf 83' lang='lat' dir='ltr'><strong><em>quos</em></strong></span> <span class='ocrx_word' id='word_1_82' title='bbox 269 938 396 1000; x_wconf 78' lang='lat' dir='ltr'><strong><em>visissent,</em></strong></span> <span class='ocrx_word' id='word_1_83' title='bbox 413 938 628 1004; x_wconf 81' lang='lat' dir='ltr'><strong><em>quemadmodum</em></strong></span> <span class='ocrx_word' id='word_1_84' title='bbox 643 938 745 1000; x_wconf 77' lang='lat' dir='ltr'><strong><em>velient,</em></strong></span> <span class='ocrx_word' id='word_1_85' title='bbox 762 938 938 1003; x_wconf 76' lang='lat' dir='ltr'><strong><em>imperarent:</em></strong></span> <span class='ocrx_word' id='word_1_86' title='bbox 955 936 1018 986; x_wconf 87' lang='lat' dir='ltr'><strong><em>item</em></strong></span> 
     </span>
     <span class='ocr_line' id='line_1_12' title="bbox 58 1005 1018 1074; baseline 0 -17"><span class='ocrx_word' id='word_1_87' title='bbox 58 1008 186 1074; x_wconf 81' lang='lat' dir='ltr'><em>Populum</em></span> <span class='ocrx_word' id='word_1_88' title='bbox 202 1007 349 1058; x_wconf 82' lang='lat' dir='ltr'><strong><em>Romanum</em></strong></span> <span class='ocrx_word' id='word_1_89' title='bbox 364 1007 439 1061; x_wconf 85' lang='lat' dir='ltr'><strong><em>uictis</em></strong></span> <span class='ocrx_word' id='word_1_90' title='bbox 454 1016 506 1059; x_wconf 83' lang='lat' dir='ltr'><strong><em>non</em></strong></span> <span class='ocrx_word' id='word_1_91' title='bbox 522 1007 680 1059; x_wconf 78' lang='lat' dir='ltr'><strong><em>adulterius</em></strong></span> <span class='ocrx_word' id='word_1_92' title='bbox 693 1006 901 1073; x_wconf 73' lang='lat' dir='ltr'><strong><em>proesuiptom,</em></strong></span> <span class='ocrx_word' id='word_1_93' title='bbox 918 1005 965 1056; x_wconf 80' lang='lat' dir='ltr'><strong><em>seri</em></strong></span> <span class='ocrx_word' id='word_1_94' title='bbox 980 1006 1018 1057; x_wconf 82' lang='lat' dir='ltr'><strong><em>ad</em></strong></span> 
     </span>
     <span class='ocr_line' id='line_1_13' title="bbox 55 1074 1017 1143; baseline -0.002 -16"><span class='ocrx_word' id='word_1_95' title='bbox 55 1092 132 1127; x_wconf 84' lang='lat' dir='ltr'><strong><em>suum</em></strong></span> <span class='ocrx_word' id='word_1_96' title='bbox 152 1077 307 1139; x_wconf 78' lang='lat' dir='ltr'><strong><em>arbitrium,</em></strong></span> <span class='ocrx_word' id='word_1_97' title='bbox 340 1076 469 1143; x_wconf 84' lang='lat' dir='ltr'><strong><em>imperare</em></strong></span> <span class='ocrx_word' id='word_1_98' title='bbox 493 1092 633 1128; x_wconf 80' lang='lat' dir='ltr'><strong><em>consuesse.</em></strong></span> <span class='ocrx_word' id='word_1_99' title='bbox 667 1076 698 1127; x_wconf 86' lang='lat' dir='ltr'><strong><em>Si</em></strong></span> <span class='ocrx_word' id='word_1_100' title='bbox 710 1077 765 1143; x_wconf 86' lang='lat' dir='ltr'><strong><em>ipse</em></strong></span> <span class='ocrx_word' id='word_1_101' title='bbox 785 1075 882 1143; x_wconf 80' lang='lat' dir='ltr'><strong><em>Populo</em></strong></span> <span class='ocrx_word' id='word_1_102' title='bbox 898 1074 1017 1127; x_wconf 81' lang='lat' dir='ltr'><strong><em>Romano</em></strong></span> 
     </span>
     <span class='ocr_line' id='line_1_14' title="bbox 55 1145 1017 1213; baseline -0.003 -16"><span class='ocrx_word' id='word_1_103' title='bbox 55 1164 107 1197; x_wconf 89' lang='lat' dir='ltr'><strong><em>non</em></strong></span> <span class='ocrx_word' id='word_1_104' title='bbox 116 1146 315 1213; x_wconf 74' lang='lat' dir='ltr'><strong><em>praescriberet,</em></strong></span> <span class='ocrx_word' id='word_1_105' title='bbox 328 1145 544 1213; x_wconf 82' lang='lat' dir='ltr'><strong><em>quemadmodum</em></strong></span> <span class='ocrx_word' id='word_1_106' title='bbox 556 1162 603 1197; x_wconf 77' lang='lat' dir='ltr'><strong><em>suro</em></strong></span> <span class='ocrx_word' id='word_1_107' title='bbox 615 1146 672 1197; x_wconf 90' lang='lat' dir='ltr'><strong><em>iure</em></strong></span> <span class='ocrx_word' id='word_1_108' title='bbox 685 1151 817 1204; x_wconf 78' lang='lat' dir='ltr'><strong><em>uteretur3</em></strong></span> <span class='ocrx_word' id='word_1_109' title='bbox 833 1161 885 1195; x_wconf 89' lang='lat' dir='ltr'><strong><em>non</em></strong></span> <span class='ocrx_word' id='word_1_110' title='bbox 899 1151 1017 1211; x_wconf 89' lang='lat' dir='ltr'><strong><em>oportere</em></strong></span> 
     </span>
     <span class='ocr_line' id='line_1_15' title="bbox 54 1212 1016 1282; baseline -0.003 -16"><span class='ocrx_word' id='word_1_111' title='bbox 54 1232 111 1266; x_wconf 86' lang='lat' dir='ltr'><strong><em>sese</em></strong></span> <span class='ocrx_word' id='word_1_112' title='bbox 134 1232 153 1265; x_wconf 85' lang='lat' dir='ltr'><strong><em>a</em></strong></span> <span class='ocrx_word' id='word_1_113' title='bbox 176 1214 273 1281; x_wconf 87' lang='lat' dir='ltr'><strong><em>Populo</em></strong></span> <span class='ocrx_word' id='word_1_114' title='bbox 292 1214 410 1265; x_wconf 83' lang='lat' dir='ltr'><strong><em>Romano</em></strong></span> <span class='ocrx_word' id='word_1_115' title='bbox 425 1216 453 1265; x_wconf 85' lang='lat' dir='ltr'><strong><em>in</em></strong></span> <span class='ocrx_word' id='word_1_116' title='bbox 468 1230 513 1265; x_wconf 85' lang='lat' dir='ltr'><strong><em>suo</em></strong></span> <span class='ocrx_word' id='word_1_117' title='bbox 532 1216 590 1267; x_wconf 84' lang='lat' dir='ltr'><strong><em>iure</em></strong></span> <span class='ocrx_word' id='word_1_118' title='bbox 607 1214 729 1282; x_wconf 82' lang='lat' dir='ltr'><strong><em>inpediri.</em></strong></span> <span class='ocrx_word' id='word_1_119' title='bbox 751 1212 855 1265; x_wconf 81' lang='lat' dir='ltr'><strong><em>Aeduos</em></strong></span> <span class='ocrx_word' id='word_1_120' title='bbox 874 1214 935 1275; x_wconf 91' lang='lat' dir='ltr'><strong><em>sibi,</em></strong></span> <span class='ocrx_word' id='word_1_121' title='bbox 953 1230 1016 1280; x_wconf 83' lang='lat' dir='ltr'><strong><em>quo-</em></strong></span> 
     </span>
     <span class='ocr_line' id='line_1_16' title="bbox 52 1283 1018 1353; baseline -0.003 -18"><span class='ocrx_word' id='word_1_122' title='bbox 52 1286 128 1335; x_wconf 87' lang='lat' dir='ltr'><strong><em>niam</em></strong></span> <span class='ocrx_word' id='word_1_123' title='bbox 152 1284 215 1335; x_wconf 88' lang='lat' dir='ltr'><strong><em>betti</em></strong></span> <span class='ocrx_word' id='word_1_124' title='bbox 227 1286 365 1349; x_wconf 80' lang='lat' dir='ltr'><strong><em>fortunam</em></strong></span> <span class='ocrx_word' id='word_1_125' title='bbox 382 1290 526 1337; x_wconf 74' lang='lat' dir='ltr'><strong><em>tentassent</em></strong></span> <span class='ocrx_word' id='word_1_126' title='bbox 547 1292 573 1353; x_wconf 78' lang='lat' dir='ltr'><strong><em>et</em></strong></span> <span class='ocrx_word' id='word_1_127' title='bbox 593 1285 675 1335; x_wconf 88' lang='lat' dir='ltr'><strong><em>armis</em></strong></span> <span class='ocrx_word' id='word_1_128' title='bbox 695 1283 827 1351; x_wconf 71' lang='lat' dir='ltr'><strong><em>congressi</em></strong></span> <span class='ocrx_word' id='word_1_129' title='bbox 848 1300 880 1333; x_wconf 86' lang='lat' dir='ltr'><strong><em>ao</em></strong></span> <span class='ocrx_word' id='word_1_130' title='bbox 900 1283 1018 1349; x_wconf 85' lang='lat' dir='ltr'><strong><em>superati</em></strong></span> 
     </span>
     <span class='ocr_line' id='line_1_17' title="bbox 55 1351 1018 1421; baseline -0.002 -17"><span class='ocrx_word' id='word_1_131' title='bbox 55 1360 156 1416; x_wconf 88' lang='lat' dir='ltr'><strong><em>essent,</em></strong></span> <span class='ocrx_word' id='word_1_132' title='bbox 181 1352 364 1420; x_wconf 74' lang='lat' dir='ltr'><strong><em>stipendiarios</em></strong></span> <span class='ocrx_word' id='word_1_133' title='bbox 386 1351 439 1403; x_wconf 76' lang='lat' dir='ltr'><strong><em>esse</em></strong></span> <span class='ocrx_word' id='word_1_134' title='bbox 453 1355 551 1419; x_wconf 75' lang='lat' dir='ltr'><strong><em>suetus.</em></strong></span> <span class='ocrx_word' id='word_1_135' title='bbox 582 1353 714 1421; x_wconf 77' lang='lat' dir='ltr'><strong><em>Magnam</em></strong></span> <span class='ocrx_word' id='word_1_136' title='bbox 728 1355 871 1404; x_wconf 81' lang='lat' dir='ltr'><strong><em>&#39;Caesarem</em></strong></span> <span class='ocrx_word' id='word_1_137' title='bbox 892 1352 1018 1402; x_wconf 87' lang='lat' dir='ltr'><strong><em>iniuriam</em></strong></span> 
     </span>
     <span class='ocr_line' id='line_1_18' title="bbox 48 1416 1018 1490; baseline -0.001 -17"><span class='ocrx_word' id='word_1_138' title='bbox 48 1426 153 1488; x_wconf 82' lang='lat' dir='ltr'><strong><em>faeere,</em></strong></span> <span class='ocrx_word' id='word_1_139' title='bbox 165 1423 212 1490; x_wconf 85' lang='lat' dir='ltr'><strong><em>qui</em></strong></span> <span class='ocrx_word' id='word_1_140' title='bbox 223 1438 270 1473; x_wconf 89' lang='lat' dir='ltr'><strong><em>suo</em></strong></span> <span class='ocrx_word' id='word_1_141' title='bbox 284 1422 400 1473; x_wconf 75' lang='lat' dir='ltr'><strong><em>aduentu</em></strong></span> <span class='ocrx_word' id='word_1_142' title='bbox 411 1422 555 1490; x_wconf 81' lang='lat' dir='ltr'><strong><em>uectigalia</em></strong></span> <span class='ocrx_word' id='word_1_143' title='bbox 563 1422 614 1473; x_wconf 89' lang='lat' dir='ltr'><strong><em>sibi</em></strong></span> <span class='ocrx_word' id='word_1_144' title='bbox 619 1416 866 1489; x_wconf 72' lang='lat' dir='ltr'><strong><em>dmmiorasaeeret.</em></strong></span> <span class='ocrx_word' id='word_1_145' title='bbox 882 1420 1018 1472; x_wconf 68' lang='lat' dir='ltr'><strong><em>Actiones</em></strong></span> 
     </span>
    </p>
   </div>
   <div class='ocr_carea' id='block_1_3' title="bbox 53 1490 1118 1560">
    <p class='ocr_par' dir='ltr' id='par_1_3' title="bbox 53 1490 1118 1560">
     <span class='ocr_line' id='line_1_19' title="bbox 53 1490 1118 1560; baseline -0.003 -17"><span class='ocrx_word' id='word_1_146' title='bbox 53 1490 1017 1560; x_wconf 71' lang='lat' dir='ltr'><strong><em>obsidesredditurumnouesse,nequeiis,uequeeonomsoeiisiniuriobet·</em></strong></span> <span class='ocrx_word' id='word_1_147' title='bbox 1112 1490 1118 1497; x_wconf 83' lang='lat'>&#39;</span> 
     </span>
    </p>
   </div>
   <div class='ocr_carea' id='block_1_4' title="bbox 53 1559 1018 2667">
    <p class='ocr_par' dir='ltr' id='par_1_4' title="bbox 53 1559 1018 2042">
     <span class='ocr_line' id='line_1_20' title="bbox 53 1559 1016 1628; baseline -0.001 -16"><span class='ocrx_word' id='word_1_148' title='bbox 53 1562 108 1612; x_wconf 76' lang='lat' dir='ltr'><strong><em>lien</em></strong></span> <span class='ocrx_word' id='word_1_149' title='bbox 117 1562 271 1622; x_wconf 77' lang='lat' dir='ltr'><strong><em>inlaturum,</em></strong></span> <span class='ocrx_word' id='word_1_150' title='bbox 283 1561 306 1611; x_wconf 87' lang='lat' dir='ltr'><strong><em>si</em></strong></span> <span class='ocrx_word' id='word_1_151' title='bbox 314 1560 341 1611; x_wconf 85' lang='lat' dir='ltr'><strong><em>in</em></strong></span> <span class='ocrx_word' id='word_1_152' title='bbox 349 1578 378 1611; x_wconf 95' lang='lat' dir='ltr'><strong><em>eo</em></strong></span> <span class='ocrx_word' id='word_1_153' title='bbox 387 1569 529 1623; x_wconf 84' lang='lat' dir='ltr'><strong><em>monerent,</em></strong></span> <span class='ocrx_word' id='word_1_154' title='bbox 544 1562 613 1628; x_wconf 82' lang='lat' dir='ltr'><strong><em>quod</em></strong></span> <span class='ocrx_word' id='word_1_155' title='bbox 633 1560 798 1623; x_wconf 83' lang='lat' dir='ltr'><strong><em>conuenisset,</em></strong></span> <span class='ocrx_word' id='word_1_156' title='bbox 810 1559 1016 1627; x_wconf 71' lang='lat' dir='ltr'><strong><em>stipendiumque</em></strong></span> 
     </span>
     <span class='ocr_line' id='line_1_21' title="bbox 53 1629 1016 1699; baseline 0 -18"><span class='ocrx_word' id='word_1_157' title='bbox 53 1630 196 1699; x_wconf 78' lang='lat' dir='ltr'><strong><em>quotannis</em></strong></span> <span class='ocrx_word' id='word_1_158' title='bbox 209 1630 368 1695; x_wconf 83' lang='lat' dir='ltr'><strong><em>penderent:</em></strong></span> <span class='ocrx_word' id='word_1_159' title='bbox 385 1630 408 1680; x_wconf 90' lang='lat' dir='ltr'><strong><em>si</em></strong></span> <span class='ocrx_word' id='word_1_160' title='bbox 418 1629 447 1681; x_wconf 86' lang='lat' dir='ltr'><strong><em>id</em></strong></span> <span class='ocrx_word' id='word_1_161' title='bbox 457 1640 510 1680; x_wconf 82' lang='lat' dir='ltr'><strong><em>neu</em></strong></span> <span class='ocrx_word' id='word_1_162' title='bbox 513 1632 653 1695; x_wconf 74' lang='lat' dir='ltr'><strong><em>sevissent,</em></strong></span> <span class='ocrx_word' id='word_1_163' title='bbox 670 1632 749 1699; x_wconf 82' lang='lat' dir='ltr'><strong><em>longe</em></strong></span> <span class='ocrx_word' id='word_1_164' title='bbox 761 1631 794 1681; x_wconf 88' lang='lat' dir='ltr'><strong><em>iis</em></strong></span> <span class='ocrx_word' id='word_1_165' title='bbox 802 1633 955 1695; x_wconf 75' lang='lat' dir='ltr'><strong><em>fraternum</em></strong></span> <span class='ocrx_word' id='word_1_166' title='bbox 968 1646 1016 1681; x_wconf 88' lang='lat' dir='ltr'><strong><em>uo-</em></strong></span> 
     </span>
     <span class='ocr_line' id='line_1_22' title="bbox 53 1697 1015 1767; baseline -0.002 -16"><span class='ocrx_word' id='word_1_167' title='bbox 53 1714 114 1751; x_wconf 86' lang='lat' dir='ltr'><strong><em>men</em></strong></span> <span class='ocrx_word' id='word_1_168' title='bbox 130 1700 224 1767; x_wconf 81' lang='lat' dir='ltr'><strong><em>Populi</em></strong></span> <span class='ocrx_word' id='word_1_169' title='bbox 238 1699 352 1750; x_wconf 87' lang='lat' dir='ltr'><strong><em>Romani</em></strong></span> <span class='ocrx_word' id='word_1_170' title='bbox 370 1697 528 1765; x_wconf 85' lang='lat' dir='ltr'><strong><em>obfuturum.</em></strong></span> <span class='ocrx_word' id='word_1_171' title='bbox 566 1700 641 1765; x_wconf 79' lang='lat' dir='ltr'><strong><em>Quod</em></strong></span> <span class='ocrx_word' id='word_1_172' title='bbox 658 1701 709 1751; x_wconf 88' lang='lat' dir='ltr'><strong><em>sibi</em></strong></span> <span class='ocrx_word' id='word_1_173' title='bbox 725 1701 823 1751; x_wconf 83' lang='lat' dir='ltr'><strong><em>Caesar</em></strong></span> <span class='ocrx_word' id='word_1_174' title='bbox 837 1700 1015 1761; x_wconf 76' lang='lat' dir='ltr'><strong><em>denuneboret,</em></strong></span> 
     </span>
     <span class='ocr_line' id='line_1_23' title="bbox 54 1768 1015 1837; baseline -0.002 -17"><span class='ocrx_word' id='word_1_175' title='bbox 54 1784 82 1821; x_wconf 86' lang='lat' dir='ltr'><strong><em>se</em></strong></span> <span class='ocrx_word' id='word_1_176' title='bbox 96 1769 247 1820; x_wconf 81' lang='lat' dir='ltr'><strong><em>Aeduorum</em></strong></span> <span class='ocrx_word' id='word_1_177' title='bbox 259 1768 368 1819; x_wconf 85' lang='lat' dir='ltr'><strong><em>iniurius</em></strong></span> <span class='ocrx_word' id='word_1_178' title='bbox 380 1786 432 1819; x_wconf 86' lang='lat' dir='ltr'><strong><em>uon</em></strong></span> <span class='ocrx_word' id='word_1_179' title='bbox 445 1770 643 1837; x_wconf 63' lang='lat' dir='ltr'><strong><em>neglecturum</em></strong></span> <span class='ocrx_word' id='word_1_180' title='bbox 658 1771 787 1821; x_wconf 84' lang='lat' dir='ltr'><strong><em>nemiuem</em></strong></span> <span class='ocrx_word' id='word_1_181' title='bbox 799 1785 884 1820; x_wconf 87' lang='lat' dir='ltr'><strong><em>secum</em></strong></span> <span class='ocrx_word' id='word_1_182' title='bbox 896 1769 952 1818; x_wconf 86' lang='lat' dir='ltr'><strong><em>sine</em></strong></span> <span class='ocrx_word' id='word_1_183' title='bbox 965 1784 1015 1818; x_wconf 87' lang='lat' dir='ltr'><strong><em>sna</em></strong></span> 
     </span>
     <span class='ocr_line' id='line_1_24' title="bbox 53 1836 1015 1906; baseline -0.004 -17"><span class='ocrx_word' id='word_1_184' title='bbox 53 1838 169 1904; x_wconf 83' lang='lat' dir='ltr'><strong><em>pernicie</em></strong></span> <span class='ocrx_word' id='word_1_185' title='bbox 178 1838 527 1902; x_wconf 80' lang='lat' dir='ltr'><strong><em>contendisseQuuuooettet,</em></strong></span> <span class='ocrx_word' id='word_1_186' title='bbox 536 1836 1015 1906; x_wconf 68' lang='lat' dir='ltr'><strong><em>congrederetur·intellecturum,qniri</em></strong></span> 
     </span>
     <span class='ocr_line' id='line_1_25' title="bbox 56 1904 1018 1975; baseline -0.001 -17"><span class='ocrx_word' id='word_1_187' title='bbox 56 1908 147 1959; x_wconf 86' lang='lat' dir='ltr'><strong><em>inuicti</em></strong></span> <span class='ocrx_word' id='word_1_188' title='bbox 163 1906 305 1969; x_wconf 80' lang='lat' dir='ltr'><strong><em>Germani,</em></strong></span> <span class='ocrx_word' id='word_1_189' title='bbox 323 1907 529 1959; x_wconf 76' lang='lat' dir='ltr'><strong><em>exercitatissimi</em></strong></span> <span class='ocrx_word' id='word_1_190' title='bbox 541 1908 569 1958; x_wconf 89' lang='lat' dir='ltr'><strong><em>in</em></strong></span> <span class='ocrx_word' id='word_1_191' title='bbox 585 1908 681 1969; x_wconf 88' lang='lat' dir='ltr'><strong><em>armis,</em></strong></span> <span class='ocrx_word' id='word_1_192' title='bbox 698 1908 744 1975; x_wconf 82' lang='lat' dir='ltr'><strong><em>qui</em></strong></span> <span class='ocrx_word' id='word_1_193' title='bbox 756 1908 824 1959; x_wconf 85' lang='lat' dir='ltr'><strong><em>inter</em></strong></span> <span class='ocrx_word' id='word_1_194' title='bbox 839 1921 920 1957; x_wconf 89' lang='lat' dir='ltr'><strong><em>nnnoo</em></strong></span> <span class='ocrx_word' id='word_1_195' title='bbox 936 1904 1018 1957; x_wconf 85' lang='lat' dir='ltr'><strong><em>XtiiI</em></strong></span> 
     </span>
     <span class='ocr_line' id='line_1_26' title="bbox 55 1976 1016 2042; baseline -0.002 -13"><span class='ocrx_word' id='word_1_196' title='bbox 55 1982 152 2029; x_wconf 87' lang='lat' dir='ltr'><strong><em>tortum</em></strong></span> <span class='ocrx_word' id='word_1_197' title='bbox 167 1992 221 2026; x_wconf 88' lang='lat' dir='ltr'><strong><em>non</em></strong></span> <span class='ocrx_word' id='word_1_198' title='bbox 234 1976 373 2039; x_wconf 81' lang='lat' dir='ltr'><strong><em>subissent,</em></strong></span> <span class='ocrx_word' id='word_1_199' title='bbox 391 1976 488 2029; x_wconf 86' lang='lat' dir='ltr'><strong><em>uirtute</em></strong></span> <span class='ocrx_word' id='word_1_200' title='bbox 502 1982 613 2042; x_wconf 86' lang='lat' dir='ltr'><strong><em>possent.</em></strong></span> <span class='ocrx_word' id='word_1_201' title='bbox 1012 1981 1016 1989; x_wconf 86' lang='grc'><strong>“</strong></span> 
     </span>
    </p>

    <p class='ocr_par' dir='ltr' id='par_1_5' title="bbox 53 2043 1015 2667">
     <span class='ocr_line' id='line_1_27' title="bbox 123 2043 1015 2111; baseline -0.001 -14"><span class='ocrx_word' id='word_1_202' title='bbox 123 2044 167 2097; x_wconf 75' lang='lat' dir='ltr'><strong><em>bi.</em></strong></span> <span class='ocrx_word' id='word_1_203' title='bbox 185 2044 260 2097; x_wconf 84' lang='lat' dir='ltr'><strong><em>Hnec</em></strong></span> <span class='ocrx_word' id='word_1_204' title='bbox 272 2044 364 2098; x_wconf 84' lang='lat' dir='ltr'><strong><em>eodem</em></strong></span> <span class='ocrx_word' id='word_1_205' title='bbox 378 2050 495 2111; x_wconf 84' lang='lat' dir='ltr'><strong><em>ternpore</em></strong></span> <span class='ocrx_word' id='word_1_206' title='bbox 505 2044 614 2097; x_wconf 65' lang='lat' dir='ltr'><strong><em>Cumani</em></strong></span> <span class='ocrx_word' id='word_1_207' title='bbox 634 2044 759 2097; x_wconf 71' lang='lat' dir='ltr'><strong><em>menime</em></strong></span> <span class='ocrx_word' id='word_1_208' title='bbox 777 2043 972 2108; x_wconf 85' lang='lat' dir='ltr'><strong><em>reienebuntur,</em></strong></span> <span class='ocrx_word' id='word_1_209' title='bbox 988 2048 1015 2096; x_wconf 88' lang='lat' dir='ltr'><strong><em>et</em></strong></span> 
     </span>
     <span class='ocr_line' id='line_1_28' title="bbox 54 2112 1015 2183; baseline 0 -18"><span class='ocrx_word' id='word_1_210' title='bbox 54 2112 139 2183; x_wconf 75' lang='lat' dir='ltr'><strong><em>legati</em></strong></span> <span class='ocrx_word' id='word_1_211' title='bbox 153 2112 194 2165; x_wconf 80' lang='lat' dir='ltr'><strong><em>ab</em></strong></span> <span class='ocrx_word' id='word_1_212' title='bbox 206 2113 303 2165; x_wconf 81' lang='lat' dir='ltr'><strong><em>Aeduis</em></strong></span> <span class='ocrx_word' id='word_1_213' title='bbox 322 2120 348 2166; x_wconf 88' lang='lat' dir='ltr'><strong><em>et</em></strong></span> <span class='ocrx_word' id='word_1_214' title='bbox 367 2113 513 2165; x_wconf 73' lang='lat' dir='ltr'><strong><em>u&#39;l&#39;reviris</em></strong></span> <span class='ocrx_word' id='word_1_215' title='bbox 526 2112 678 2167; x_wconf 75' lang='lat' dir='ltr'><strong><em>veniebant:</em></strong></span> <span class='ocrx_word' id='word_1_216' title='bbox 694 2113 778 2167; x_wconf 80' lang='lat' dir='ltr'><strong><em>Aedui</em></strong></span> <span class='ocrx_word' id='word_1_217' title='bbox 791 2120 927 2180; x_wconf 84' lang='lat' dir='ltr'><strong><em>questum,</em></strong></span> <span class='ocrx_word' id='word_1_218' title='bbox 943 2112 1015 2180; x_wconf 79' lang='lat' dir='ltr'><strong><em>quod</em></strong></span> 
     </span>
     <span class='ocr_line' id='line_1_29' title="bbox 53 2179 1014 2250; baseline -0.001 -14"><span class='ocrx_word' id='word_1_219' title='bbox 53 2182 190 2245; x_wconf 75' lang='lat' dir='ltr'><strong><em>Harudes,</em></strong></span> <span class='ocrx_word' id='word_1_220' title='bbox 209 2183 255 2249; x_wconf 90' lang='lat' dir='ltr'><strong><em>qni</em></strong></span> <span class='ocrx_word' id='word_1_221' title='bbox 267 2198 350 2249; x_wconf 84' lang='lat' dir='ltr'><strong><em>nuper</em></strong></span> <span class='ocrx_word' id='word_1_222' title='bbox 362 2183 389 2235; x_wconf 90' lang='lat' dir='ltr'><strong><em>in</em></strong></span> <span class='ocrx_word' id='word_1_223' title='bbox 405 2182 522 2235; x_wconf 61' lang='lat' dir='ltr'><strong><em>(muium</em></strong></span> <span class='ocrx_word' id='word_1_224' title='bbox 536 2184 706 2250; x_wconf 75' lang='lat' dir='ltr'><strong><em>transportati</em></strong></span> <span class='ocrx_word' id='word_1_225' title='bbox 719 2179 818 2249; x_wconf 82' lang='lat' dir='ltr'><strong><em>essent,</em></strong></span> <span class='ocrx_word' id='word_1_226' title='bbox 836 2184 900 2237; x_wconf 82' lang='lat' dir='ltr'><strong><em>iines</em></strong></span> <span class='ocrx_word' id='word_1_227' title='bbox 921 2200 1014 2236; x_wconf 87' lang='lat' dir='ltr'><strong><em>eorum</em></strong></span> 
     </span>
     <span class='ocr_line' id='line_1_30' title="bbox 54 2250 1014 2335; baseline 0.002 -32"><span class='ocrx_word' id='word_1_228' title='bbox 54 2252 257 2335; x_wconf 73' lang='lat' dir='ltr'><strong><em>popularentur:</em></strong></span> <span class='ocrx_word' id='word_1_229' title='bbox 274 2269 331 2304; x_wconf 88' lang='lat' dir='ltr'><strong><em>sese</em></strong></span> <span class='ocrx_word' id='word_1_230' title='bbox 337 2270 370 2305; x_wconf 86' lang='lat' dir='ltr'><strong><em>ne</em></strong></span> <span class='ocrx_word' id='word_1_231' title='bbox 380 2250 514 2305; x_wconf 82' lang='lat' dir='ltr'><strong><em>obsidibus</em></strong></span> <span class='ocrx_word' id='word_1_232' title='bbox 521 2252 627 2320; x_wconf 78' lang='lat' dir='ltr'><strong><em>quidem</em></strong></span> <span class='ocrx_word' id='word_1_233' title='bbox 639 2253 706 2306; x_wconf 81' lang='lat' dir='ltr'><strong><em>iistis</em></strong></span> <span class='ocrx_word' id='word_1_234' title='bbox 720 2270 811 2330; x_wconf 83' lang='lat' dir='ltr'><strong><em>punem</em></strong></span> <span class='ocrx_word' id='word_1_235' title='bbox 816 2252 943 2306; x_wconf 75' lang='lat' dir='ltr'><strong><em>Ariovisti</em></strong></span> <span class='ocrx_word' id='word_1_236' title='bbox 953 2252 1014 2305; x_wconf 78' lang='lat' dir='ltr'><strong><em>ret-</em></strong></span> 
     </span>
     <span class='ocr_line' id='line_1_31' title="bbox 53 2320 1014 2391; baseline 0 -18"><span class='ocrx_word' id='word_1_237' title='bbox 53 2338 138 2373; x_wconf 86' lang='lat' dir='ltr'><strong><em>nuere</em></strong></span> <span class='ocrx_word' id='word_1_238' title='bbox 157 2320 289 2387; x_wconf 72' lang='lat' dir='ltr'><strong><em>potuisses</em></strong></span> <span class='ocrx_word' id='word_1_239' title='bbox 309 2320 415 2373; x_wconf 67' lang='lat' dir='ltr'><strong><em>Treuiri</em></strong></span> <span class='ocrx_word' id='word_1_240' title='bbox 431 2326 533 2385; x_wconf 84' lang='lat' dir='ltr'><strong><em>uatem,</em></strong></span> <span class='ocrx_word' id='word_1_241' title='bbox 550 2327 749 2391; x_wconf 78' lang='lat' dir='ltr'><strong><em>pegoseentum</em></strong></span> <span class='ocrx_word' id='word_1_242' title='bbox 769 2323 916 2376; x_wconf 80' lang='lat' dir='ltr'><strong><em>Suerorum</em></strong></span> <span class='ocrx_word' id='word_1_243' title='bbox 928 2322 963 2375; x_wconf 80' lang='lat' dir='ltr'><strong><em>ud</em></strong></span> <span class='ocrx_word' id='word_1_244' title='bbox 974 2320 1014 2373; x_wconf 63' lang='lat' dir='ltr'><strong><em>n·-</em></strong></span> 
     </span>
     <span class='ocr_line' id='line_1_32' title="bbox 53 2388 1013 2458; baseline -0.001 -16"><span class='ocrx_word' id='word_1_245' title='bbox 53 2406 100 2458; x_wconf 81' lang='lat' dir='ltr'><strong><em>pes</em></strong></span> <span class='ocrx_word' id='word_1_246' title='bbox 108 2388 199 2442; x_wconf 81' lang='lat' dir='ltr'><strong><em>Rheni</em></strong></span> <span class='ocrx_word' id='word_1_247' title='bbox 212 2390 365 2452; x_wconf 79' lang='lat' dir='ltr'><strong><em>consedisse,</em></strong></span> <span class='ocrx_word' id='word_1_248' title='bbox 379 2390 425 2457; x_wconf 87' lang='lat' dir='ltr'><strong><em>qui</em></strong></span> <span class='ocrx_word' id='word_1_249' title='bbox 436 2390 561 2443; x_wconf 80' lang='lat' dir='ltr'><strong><em>Rhenum</em></strong></span> <span class='ocrx_word' id='word_1_250' title='bbox 576 2392 687 2445; x_wconf 74' lang='lat' dir='ltr'><strong><em>unusne</em></strong></span> <span class='ocrx_word' id='word_1_251' title='bbox 699 2399 870 2457; x_wconf 77' lang='lat' dir='ltr'><strong><em>canerentur3</em></strong></span> <span class='ocrx_word' id='word_1_252' title='bbox 887 2392 921 2443; x_wconf 88' lang='lat' dir='ltr'><strong><em>iis</em></strong></span> <span class='ocrx_word' id='word_1_253' title='bbox 935 2406 1013 2457; x_wconf 86' lang='lat' dir='ltr'><strong><em>proe-</em></strong></span> 
     </span>
     <span class='ocr_line' id='line_1_33' title="bbox 54 2460 1012 2527; baseline -0.001 -16"><span class='ocrx_word' id='word_1_254' title='bbox 54 2476 110 2512; x_wconf 85' lang='lat' dir='ltr'><strong><em>esse</em></strong></span> <span class='ocrx_word' id='word_1_255' title='bbox 122 2460 239 2515; x_wconf 78' lang='lat' dir='ltr'><strong><em>Nasuam</em></strong></span> <span class='ocrx_word' id='word_1_256' title='bbox 252 2465 279 2512; x_wconf 88' lang='lat' dir='ltr'><strong><em>et</em></strong></span> <span class='ocrx_word' id='word_1_257' title='bbox 291 2460 454 2512; x_wconf 83' lang='lat' dir='ltr'><strong><em>Cimberium</em></strong></span> <span class='ocrx_word' id='word_1_258' title='bbox 470 2460 575 2513; x_wconf 73' lang='lat' dir='ltr'><strong><em>eunus.</em></strong></span> <span class='ocrx_word' id='word_1_259' title='bbox 609 2461 711 2527; x_wconf 81' lang='lat' dir='ltr'><strong><em>Quibus</em></strong></span> <span class='ocrx_word' id='word_1_260' title='bbox 728 2464 807 2517; x_wconf 84' lang='lat' dir='ltr'><strong><em>rebus</em></strong></span> <span class='ocrx_word' id='word_1_261' title='bbox 821 2462 919 2515; x_wconf 73' lang='lat' dir='ltr'><strong><em>Caesen</em></strong></span> <span class='ocrx_word' id='word_1_262' title='bbox 930 2460 1012 2511; x_wconf 83' lang='lat' dir='ltr'><strong><em>rehe-</em></strong></span> 
     </span>
     <span class='ocr_line' id='line_1_34' title="bbox 53 2520 1011 2595; baseline -0.002 -14"><span class='ocrx_word' id='word_1_263' title='bbox 53 2520 156 2581; x_wconf 83' lang='lat' dir='ltr'><strong><em>menier</em></strong></span> <span class='ocrx_word' id='word_1_264' title='bbox 171 2533 325 2591; x_wconf 75' lang='lat' dir='ltr'><strong><em>commuuio,</em></strong></span> <span class='ocrx_word' id='word_1_265' title='bbox 337 2528 521 2583; x_wconf 65' lang='lat' dir='ltr'><strong><em>rummandum</em></strong></span> <span class='ocrx_word' id='word_1_266' title='bbox 528 2530 580 2583; x_wconf 86' lang='lat' dir='ltr'><strong><em>sibi</em></strong></span> <span class='ocrx_word' id='word_1_267' title='bbox 594 2530 761 2595; x_wconf 74' lang='lat' dir='ltr'><strong><em>existimarit,</em></strong></span> <span class='ocrx_word' id='word_1_268' title='bbox 777 2548 819 2595; x_wconf 88' lang='lat' dir='ltr'><strong><em>ne,</em></strong></span> <span class='ocrx_word' id='word_1_269' title='bbox 832 2530 855 2582; x_wconf 89' lang='lat' dir='ltr'><strong><em>si</em></strong></span> <span class='ocrx_word' id='word_1_270' title='bbox 870 2544 939 2582; x_wconf 81' lang='lat' dir='ltr'><strong><em>nore</em></strong></span> <span class='ocrx_word' id='word_1_271' title='bbox 953 2543 1011 2579; x_wconf 83' lang='lat' dir='ltr'><strong><em>mn-</em></strong></span> 
     </span>
     <span class='ocr_line' id='line_1_35' title="bbox 53 2597 1011 2667; baseline -0.002 -16"><span class='ocrx_word' id='word_1_272' title='bbox 53 2615 101 2651; x_wconf 90' lang='lat' dir='ltr'><strong><em>nus</em></strong></span> <span class='ocrx_word' id='word_1_273' title='bbox 119 2598 269 2651; x_wconf 82' lang='lat' dir='ltr'><strong><em>Suerorum</em></strong></span> <span class='ocrx_word' id='word_1_274' title='bbox 287 2615 348 2649; x_wconf 89' lang='lat' dir='ltr'><strong><em>eum</em></strong></span> <span class='ocrx_word' id='word_1_275' title='bbox 366 2598 498 2653; x_wconf 73' lang='lat' dir='ltr'><strong><em>veteribus</em></strong></span> <span class='ocrx_word' id='word_1_276' title='bbox 516 2599 598 2667; x_wconf 77' lang='lat' dir='ltr'><strong><em>copiis</em></strong></span> <span class='ocrx_word' id='word_1_277' title='bbox 616 2600 742 2653; x_wconf 65' lang='lat' dir='ltr'><strong><em>Minuisti</em></strong></span> <span class='ocrx_word' id='word_1_278' title='bbox 758 2616 815 2652; x_wconf 86' lang='lat' dir='ltr'><strong><em>sese</em></strong></span> <span class='ocrx_word' id='word_1_279' title='bbox 830 2597 1011 2661; x_wconf 72' lang='lat' dir='ltr'><strong><em>coniunxisset,</em></strong></span> 
     </span>
    </p>
   </div>
   <div class='ocr_carea' id='block_1_5' title="bbox 53 2664 1110 2737">
    <p class='ocr_par' dir='ltr' id='par_1_6' title="bbox 53 2664 1110 2737">
     <span class='ocr_line' id='line_1_36' title="bbox 53 2664 1110 2737; baseline 0.006 -18"><span class='ocrx_word' id='word_1_280' title='bbox 53 2668 140 2719; x_wconf 88' lang='lat' dir='ltr'><strong><em>miuus</em></strong></span> <span class='ocrx_word' id='word_1_281' title='bbox 153 2666 234 2719; x_wconf 83' lang='lat' dir='ltr'><strong><em>tueile</em></strong></span> <span class='ocrx_word' id='word_1_282' title='bbox 244 2666 331 2720; x_wconf 84' lang='lat' dir='ltr'><strong><em>resisti</em></strong></span> <span class='ocrx_word' id='word_1_283' title='bbox 343 2674 438 2733; x_wconf 85' lang='lat' dir='ltr'><strong><em>posset.</em></strong></span> <span class='ocrx_word' id='word_1_284' title='bbox 472 2670 796 2737; x_wconf 71' lang='lat' dir='ltr'><strong><em>linquereirumentaniu,</em></strong></span> <span class='ocrx_word' id='word_1_285' title='bbox 810 2673 890 2734; x_wconf 78' lang='lat' dir='ltr'><strong><em>quani</em></strong></span> <span class='ocrx_word' id='word_1_286' title='bbox 904 2664 1011 2720; x_wconf 85' lang='lat' dir='ltr'><strong><em>celerri-</em></strong></span> <span class='ocrx_word' id='word_1_287' title='bbox 1107 2720 1110 2725; x_wconf 93' lang='lat'>.</span> 
     </span>
    </p>
   </div>
   <div class='ocr_carea' id='block_1_6' title="bbox 51 2736 1015 3361">
    <p class='ocr_par' dir='ltr' id='par_1_7' title="bbox 52 2736 1011 2861">
     <span class='ocr_line' id='line_1_37' title="bbox 52 2736 1011 2859; baseline 0.001 -71"><span class='ocrx_word' id='word_1_288' title='bbox 52 2736 212 2859; x_wconf 68' lang='lat' dir='ltr'><strong><em>ruedpotuit,</em></strong></span> <span class='ocrx_word' id='word_1_289' title='bbox 238 2739 532 2807; x_wconf 61' lang='lat' dir='ltr'><strong><em>confitemurque</em></strong></span> <span class='ocrx_word' id='word_1_290' title='bbox 550 2738 688 2793; x_wconf 84' lang='lat' dir='ltr'><strong><em>itineribus</em></strong></span> <span class='ocrx_word' id='word_1_291' title='bbox 704 2740 739 2793; x_wconf 83' lang='lat' dir='ltr'><strong><em>od</em></strong></span> <span class='ocrx_word' id='word_1_292' title='bbox 759 2737 921 2806; x_wconf 51' lang='lat' dir='ltr'><strong><em>pinninum</em></strong></span> <span class='ocrx_word' id='word_1_293' title='bbox 948 2754 1011 2789; x_wconf 89' lang='lat' dir='ltr'><strong><em>oon-</em></strong></span> 
     </span>
     <span class='ocr_line' id='line_1_38' title="bbox 53 2806 391 2861; baseline -0.006 -1"><span class='ocrx_word' id='word_1_294' title='bbox 53 2813 95 2861; x_wconf 85' lang='lat' dir='ltr'><strong><em>ten</em></strong></span> <span class='ocrx_word' id='word_1_295' title='bbox 115 2806 143 2859; x_wconf 87' lang='lat' dir='ltr'><strong><em>&#39;t.</em></strong></span> <span class='ocrx_word' id='word_1_296' title='bbox 390 2824 391 2827; x_wconf 47' lang='lat'>¹</span> 
     </span>
    </p>

    <p class='ocr_par' dir='ltr' id='par_1_8' title="bbox 51 2874 1015 3361">
     <span class='ocr_line' id='line_1_39' title="bbox 122 2874 1015 2947; baseline -0.001 -19"><span class='ocrx_word' id='word_1_297' title='bbox 122 2874 167 2928; x_wconf 77' lang='grc'><strong><em>38.</em></strong></span> <span class='ocrx_word' id='word_1_298' title='bbox 185 2876 274 2943; x_wconf 81' lang='lat' dir='ltr'><strong><em>Quum</em></strong></span> <span class='ocrx_word' id='word_1_299' title='bbox 286 2874 367 2930; x_wconf 85' lang='lat' dir='ltr'><strong><em>tridui</em></strong></span> <span class='ocrx_word' id='word_1_300' title='bbox 381 2875 454 2929; x_wconf 78' lang='lat' dir='ltr'><strong><em>vium</em></strong></span> <span class='ocrx_word' id='word_1_301' title='bbox 466 2876 647 2943; x_wconf 77' lang='lat' dir='ltr'><strong><em>processisset,</em></strong></span> <span class='ocrx_word' id='word_1_302' title='bbox 664 2875 816 2929; x_wconf 87' lang='lat' dir='ltr'><strong><em>nunointum</em></strong></span> <span class='ocrx_word' id='word_1_303' title='bbox 831 2882 870 2929; x_wconf 85' lang='lat' dir='ltr'><strong><em>est</em></strong></span> <span class='ocrx_word' id='word_1_304' title='bbox 880 2876 921 2940; x_wconf 83' lang='lat' dir='ltr'><strong><em>ei,¹</em></strong></span> <span class='ocrx_word' id='word_1_305' title='bbox 931 2875 1015 2947; x_wconf 68' lang='lat' dir='ltr'><strong><em>tirin-¹</em></strong></span> 
     </span>
     <span class='ocr_line' id='line_1_40' title="bbox 51 2944 1009 3013; baseline -0.001 -16"><span class='ocrx_word' id='word_1_306' title='bbox 51 2944 151 2997; x_wconf 82' lang='lat' dir='ltr'><strong><em>ristum</em></strong></span> <span class='ocrx_word' id='word_1_307' title='bbox 174 2962 234 2997; x_wconf 85' lang='lat' dir='ltr'><strong><em>eum</em></strong></span> <span class='ocrx_word' id='word_1_308' title='bbox 256 2945 310 2998; x_wconf 86' lang='lat' dir='ltr'><strong><em>suis</em></strong></span> <span class='ocrx_word' id='word_1_309' title='bbox 331 2946 451 3001; x_wconf 86' lang='lat' dir='ltr'><strong><em>omnibus</em></strong></span> <span class='ocrx_word' id='word_1_310' title='bbox 468 2946 549 3013; x_wconf 84' lang='lat' dir='ltr'><strong><em>copiis</em></strong></span> <span class='ocrx_word' id='word_1_311' title='bbox 569 2948 603 2999; x_wconf 83' lang='lat' dir='ltr'><strong><em>sd</em></strong></span> <span class='ocrx_word' id='word_1_312' title='bbox 620 2946 799 3013; x_wconf 81' lang='lat' dir='ltr'><strong><em>oeeupnndum</em></strong></span> <span class='ocrx_word' id='word_1_313' title='bbox 819 2947 1009 3007; x_wconf 77' lang='lat' dir='ltr'><strong><em>Vesontionem,</em></strong></span> 
     </span>
     <span class='ocr_line' id='line_1_41' title="bbox 51 3013 1011 3083; baseline 0.001 -19"><span class='ocrx_word' id='word_1_314' title='bbox 51 3013 123 3081; x_wconf 87' lang='lat' dir='ltr'><strong><em>quud</em></strong></span> <span class='ocrx_word' id='word_1_315' title='bbox 136 3020 176 3065; x_wconf 81' lang='lat' dir='ltr'><strong><em>est</em></strong></span> <span class='ocrx_word' id='word_1_316' title='bbox 188 3014 313 3083; x_wconf 87' lang='lat' dir='ltr'><strong><em>oppidum</em></strong></span> <span class='ocrx_word' id='word_1_317' title='bbox 326 3014 471 3068; x_wconf 84' lang='lat' dir='ltr'><strong><em>marimrun</em></strong></span> <span class='ocrx_word' id='word_1_318' title='bbox 482 3016 676 3083; x_wconf 80' lang='lat' dir='ltr'><strong><em>Sequanorum,</em></strong></span> <span class='ocrx_word' id='word_1_319' title='bbox 694 3015 861 3079; x_wconf 72' lang='lat' dir='ltr'><strong><em>montensium,</em></strong></span> <span class='ocrx_word' id='word_1_320' title='bbox 878 3016 1011 3081; x_wconf 85' lang='lat' dir='ltr'><strong><em>triduique</em></strong></span> 
     </span>
     <span class='ocr_line' id='line_1_42' title="bbox 53 3082 1011 3154; baseline -0.001 -19"><span class='ocrx_word' id='word_1_321' title='bbox 53 3084 127 3136; x_wconf 74' lang='lat' dir='ltr'><strong><em>rium</em></strong></span> <span class='ocrx_word' id='word_1_322' title='bbox 150 3099 169 3136; x_wconf 80' lang='lat' dir='ltr'>a</span> <span class='ocrx_word' id='word_1_323' title='bbox 186 3084 241 3135; x_wconf 85' lang='lat' dir='ltr'><strong><em>suis</em></strong></span> <span class='ocrx_word' id='word_1_324' title='bbox 260 3084 357 3137; x_wconf 82' lang='lat' dir='ltr'><strong><em>fluibus</em></strong></span> <span class='ocrx_word' id='word_1_325' title='bbox 377 3084 527 3151; x_wconf 78' lang='lat' dir='ltr'><strong><em>proiecisse.</em></strong></span> <span class='ocrx_word' id='word_1_326' title='bbox 561 3084 592 3135; x_wconf 84' lang='lat' dir='ltr'><strong><em>lu</em></strong></span> <span class='ocrx_word' id='word_1_327' title='bbox 610 3100 643 3135; x_wconf 85' lang='lat' dir='ltr'><strong><em>nu</em></strong></span> <span class='ocrx_word' id='word_1_328' title='bbox 659 3082 803 3148; x_wconf 82' lang='lat' dir='ltr'><strong><em>accideret,</em></strong></span> <span class='ocrx_word' id='word_1_329' title='bbox 820 3102 918 3153; x_wconf 52' lang='lat' dir='ltr'><strong><em>muorno</em></strong></span> <span class='ocrx_word' id='word_1_330' title='bbox 931 3100 1011 3154; x_wconf 84' lang='lat' dir='ltr'><strong><em>opero</em></strong></span> 
     </span>
     <span class='ocr_line' id='line_1_43' title="bbox 51 3152 1010 3224; baseline -0.001 -20"><span class='ocrx_word' id='word_1_331' title='bbox 51 3153 262 3219; x_wconf 75' lang='lat' dir='ltr'><strong><em>praecavendum</em></strong></span> <span class='ocrx_word' id='word_1_332' title='bbox 284 3152 336 3206; x_wconf 88' lang='lat' dir='ltr'><strong><em>sibi</em></strong></span> <span class='ocrx_word' id='word_1_333' title='bbox 349 3154 446 3207; x_wconf 75' lang='lat' dir='ltr'><strong><em>Caesar</em></strong></span> <span class='ocrx_word' id='word_1_334' title='bbox 458 3153 637 3206; x_wconf 76' lang='lat' dir='ltr'><strong><em>existimabat:</em></strong></span> <span class='ocrx_word' id='word_1_335' title='bbox 653 3169 766 3224; x_wconf 84' lang='lat' dir='ltr'><strong><em>numque</em></strong></span> <span class='ocrx_word' id='word_1_336' title='bbox 780 3155 898 3206; x_wconf 86' lang='lat' dir='ltr'><strong><em>omniurn</em></strong></span> <span class='ocrx_word' id='word_1_337' title='bbox 910 3170 1010 3217; x_wconf 85' lang='lat' dir='ltr'><strong><em>rerum,</em></strong></span> 
     </span>
     <span class='ocr_line' id='line_1_44' title="bbox 51 3221 1010 3296; baseline 0.001 -24"><span class='ocrx_word' id='word_1_338' title='bbox 51 3238 120 3287; x_wconf 86' lang='lat' dir='ltr'><strong><em>quee</em></strong></span> <span class='ocrx_word' id='word_1_339' title='bbox 131 3222 280 3296; x_wconf 33' lang='lat' dir='ltr'><strong><em>udlbellum</em></strong></span> <span class='ocrx_word' id='word_1_340' title='bbox 303 3222 362 3275; x_wconf 87' lang='lat' dir='ltr'><strong><em>usui</em></strong></span> <span class='ocrx_word' id='word_1_341' title='bbox 385 3227 472 3285; x_wconf 83' lang='lat' dir='ltr'><strong><em>erunt,</em></strong></span> <span class='ocrx_word' id='word_1_342' title='bbox 494 3238 598 3274; x_wconf 73' lang='lat' dir='ltr'><strong><em>suumne</em></strong></span> <span class='ocrx_word' id='word_1_343' title='bbox 610 3228 667 3274; x_wconf 84' lang='lat' dir='ltr'><strong><em>erut</em></strong></span> <span class='ocrx_word' id='word_1_344' title='bbox 684 3221 712 3278; x_wconf 87' lang='lat' dir='ltr'><strong><em>in</em></strong></span> <span class='ocrx_word' id='word_1_345' title='bbox 725 3240 757 3277; x_wconf 86' lang='lat' dir='ltr'><strong><em>eo</em></strong></span> <span class='ocrx_word' id='word_1_346' title='bbox 772 3224 868 3291; x_wconf 87' lang='lat' dir='ltr'><strong><em>oppido</em></strong></span> <span class='ocrx_word' id='word_1_347' title='bbox 881 3224 1010 3284; x_wconf 70' lang='lat' dir='ltr'><strong><em>iuculmsr</em></strong></span> 
     </span>
     <span class='ocr_line' id='line_1_45' title="bbox 52 3290 1010 3361; baseline -0.003 -18"><span class='ocrx_word' id='word_1_348' title='bbox 52 3290 132 3357; x_wconf 85' lang='lat' dir='ltr'><strong><em>idque</em></strong></span> <span class='ocrx_word' id='word_1_349' title='bbox 145 3299 240 3345; x_wconf 80' lang='lat' dir='ltr'><strong><em>nature</em></strong></span> <span class='ocrx_word' id='word_1_350' title='bbox 253 3291 306 3344; x_wconf 87' lang='lat' dir='ltr'><strong><em>loei</em></strong></span> <span class='ocrx_word' id='word_1_351' title='bbox 321 3290 359 3344; x_wconf 83' lang='lat' dir='ltr'><strong><em>sie</em></strong></span> <span class='ocrx_word' id='word_1_352' title='bbox 371 3291 545 3354; x_wconf 80' lang='lat' dir='ltr'><strong><em>muniebatur,</em></strong></span> <span class='ocrx_word' id='word_1_353' title='bbox 562 3298 593 3343; x_wconf 89' lang='lat' dir='ltr'><strong><em>ut</em></strong></span> <span class='ocrx_word' id='word_1_354' title='bbox 605 3308 731 3361; x_wconf 77' lang='lat' dir='ltr'><strong><em>mugram</em></strong></span> <span class='ocrx_word' id='word_1_355' title='bbox 747 3294 780 3345; x_wconf 82' lang='lat' dir='ltr'><strong><em>ub</em></strong></span> <span class='ocrx_word' id='word_1_356' title='bbox 795 3293 939 3345; x_wconf 81' lang='lat' dir='ltr'><strong><em>ducendum</em></strong></span> <span class='ocrx_word' id='word_1_357' title='bbox 952 3291 1010 3342; x_wconf 87' lang='lat' dir='ltr'><strong><em>bel-</em></strong></span> 
     </span>
    </p>
   </div>
   <div class='ocr_carea' id='block_1_7' title="bbox 52 3358 1010 3489">
    <p class='ocr_par' dir='ltr' id='par_1_9' title="bbox 52 3358 1010 3489">
     <span class='ocr_line' id='line_1_46' title="bbox 52 3358 1010 3489; baseline -0.008 -74"><span class='ocrx_word' id='word_1_358' title='bbox 52 3360 108 3415; x_wconf 85' lang='lat' dir='ltr'><strong><em>lum</em></strong></span> <span class='ocrx_word' id='word_1_359' title='bbox 122 3360 379 3425; x_wconf 66' lang='lat' dir='ltr'><strong><em>uestimentum,</em></strong></span> <span class='ocrx_word' id='word_1_360' title='bbox 395 3366 534 3431; x_wconf 74' lang='lat' dir='ltr'><strong><em>propteroa</em></strong></span> <span class='ocrx_word' id='word_1_361' title='bbox 546 3362 616 3429; x_wconf 82' lang='lat' dir='ltr'><strong><em>quod</em></strong></span> <span class='ocrx_word' id='word_1_362' title='bbox 633 3362 733 3416; x_wconf 83' lang='lat' dir='ltr'><strong><em>flumen</em></strong></span> <span class='ocrx_word' id='word_1_363' title='bbox 750 3361 837 3489; x_wconf 57' lang='lat' dir='ltr'><strong><em>lBirqb’u</em></strong></span> <span class='ocrx_word' id='word_1_364' title='bbox 845 3368 858 3425; x_wconf 81' lang='lat'><strong><em>,¹</em></strong></span> <span class='ocrx_word' id='word_1_365' title='bbox 870 3367 900 3413; x_wconf 88' lang='lat' dir='ltr'><strong><em>ut</em></strong></span> <span class='ocrx_word' id='word_1_366' title='bbox 911 3358 1010 3411; x_wconf 72' lang='lat' dir='ltr'><strong><em>cimino</em></strong></span> 
     </span>
    </p>
   </div>
   <div class='ocr_carea' id='block_1_8' title="bbox 0 0 1164 3809">
    <p class='ocr_par' dir='ltr' id='par_1_10' title="bbox 0 0 1164 3809">
     <span class='ocr_line' id='line_1_47' title="bbox 0 0 1164 3809; baseline 0 1"><span class='ocrx_word' id='word_1_367' title='bbox 0 0 1164 3809; x_wconf 95' lang='lat' dir='ltr'><strong><em> </em></strong></span> 
     </span>
    </p>
   </div>
  </div>
 </body>
</html>
