2317 3809
334 204 411 257 Islll.
429 202 473 258 Π.
510 204 597 257 ΟΔΡ.
614 202 720 259 8-14.
970 204 1014 265 49

122 342 168 395 12
185 346 221 397 dt
238 344 343 408 hostes,
367 344 414 397 ubi
433 344 551 411 primum
573 349 676 399 umbos
698 346 799 414 equites
818 356 1013 419 conspexerunt,

55 428 168 479 qaorum
183 422 241 465 erat
256 415 370 480 quinque
383 415 487 466 milium
502 430 642 479 numerus,
658 432 742 482 quarm
757 417 809 485 ipsi
826 436 878 470 aon
897 420 1012 486 amplius

53 482 144 533 DCCC
156 483 408 549 equiteslbaberent,
425 486 495 550 quod
507 484 541 547 ii,
559 484 606 549 qui
622 486 800 538 frumentandi
815 504 909 539 caussa
924 485 1010 543 teram

51 556 124 601 trans
139 552 261 615 Mosam,
278 554 393 605 nondam
403 554 547 616 redierant,
565 552 634 605 nihil
648 554 801 608 timentibus
814 556 922 620 nostris,
938 560 1007 623 qued

50 618 135 687 legati
156 638 249 672 eornm
263 624 352 687 paullo
366 631 426 674 ante
440 638 456 675 a
470 624 583 675 Caesare
601 623 787 687 discesserant,
812 632 891 691 atque
908 624 931 675 is
949 626 1006 679 dies

49 687 167 741 induciis
178 697 235 742 erat
246 692 280 742 ab
295 692 332 741 eis
343 692 453 759 petitus,
474 692 564 757 inpetu
581 693 669 757 lacto,
685 694 807 746 celeriter
824 700 927 745 nostros
943 712 1005 761 per·

49 758 233 812 assaverunt
267 762 370 812 Rursus
386 761 564 813 resistentibus
580 764 690 826 nutus,
711 762 897 815 consuetudine
908 780 956 815 sua
967 764 1003 815 ad

48 827 131 893 pedes
156 828 327 892 desilncmnt,
354 831 531 896 subfossisque
559 830 634 897 equis
652 832 883 899 compluribusque
902 832 1000 885 rosula

46 895 173 959 deiectis,
186 899 302 964 reliquos
313 898 341 950 in
352 901 445 967 tagam
457 899 623 952 coniecerunt
636 908 715 967 atque
725 902 765 954 ita
777 900 929 968 perterritos
937 918 1002 969 ege-

48 972 128 1028 runt,
146 973 176 1016 ut
189 984 241 1018 non
254 967 325 1034 prius
340 969 406 1037 luga
420 969 584 1032 desisterent,
601 986 682 1035 quam
693 971 722 1021 in
734 976 901 1038 conspectum
912 970 1002 1037 agmi-

48 1035 93 1086 nis
103 1036 188 1087 nostri
198 1036 335 1089 venissent.
353 1038 383 1089 ln
392 1057 426 1091 eo
437 1039 538 1106 proelio
550 1056 583 1090 ex
593 1040 723 1105 equitibus
732 1039 829 1092 naua
839 1039 1000 1091 interficiun-

48 1110 95 1155 tur
106 1110 220 1170 metuar
233 1114 260 1157 ct
269 1107 447 1175 septuaginta,
464 1109 492 1159 in
503 1108 545 1159 his
562 1108 605 1159 vir
624 1108 894 1171 inanimantia,
916 1108 1000 1174 Aqui-

47 1180 142 1236 tanas,
161 1176 323 1239 amplissimo
334 1192 430 1244 genere
443 1184 535 1240 natus,
552 1177 627 1228 cuius
641 1194 706 1230 arus
723 1177 751 1229 in
768 1177 874 1229 civitate
890 1194 939 1229 sua
955 1194 999 1228 re-

46 1258 133 1308 gnum
146 1244 302 1307 obtinuerat,
318 1246 418 1299 astricus
430 1250 464 1300 ab
476 1247 573 1298 Senatu
584 1253 672 1299 nostro
680 1246 832 1313 adpellatns.
848 1246 902 1297 llic
916 1262 998 1312 quum

46 1312 126 1363 trani
144 1312 285 1365 intercluso
298 1316 332 1365 ab
343 1316 462 1369 hostibus
476 1315 604 1367 auxilium
622 1318 717 1378 ferret,
738 1316 815 1367 illum
829 1332 861 1365 ex
880 1315 998 1380 periculo

46 1380 162 1446 eripuit:
179 1380 317 1449 ipsaeque
333 1388 471 1438 mlnerato
486 1385 615 1446 deiectus,
633 1386 720 1451 quoad
739 1384 839 1451 potuit,
854 1383 998 1435 fortissime

45 1450 153 1502 restitit.
187 1452 276 1516 Quum
294 1452 499 1517 circumventus,
523 1454 614 1505 multis
630 1454 782 1506 vulnen'bus
801 1452 932 1519 acceptis,
954 1470 999 1505 ee-

42 1518 167 1581 cidisset,
201 1528 280 1585 etque
298 1521 325 1571 id
347 1524 444 1589 irater,
476 1523 521 1589 qui
547 1522 604 1575 iam
630 1523 730 1591 proelio
746 1528 906 1585 excesserat,
936 1538 999 1588 pro·
1074 1586 1079 1595 Ι

45 1589 93 1639 cul
112 1588 235 1640 animum
250 1591 416 1658 advertisset,
442 1593 550 1645 incitato
567 1609 635 1659 equo
654 1609 684 1645 se
701 1592 822 1645 bostsssus
844 1590 940 1643 obtulit
957 1596 999 1643 at·

45 1656 258 1723 queinterlectus
267 1666 314 1712 est.

118 1726 163 1778 13.
181 1730 321 1797 Hoclncto
331 1729 446 1796 proelio,
471 1730 569 1783 Caesar
585 1746 669 1797 neque
685 1728 742 1781 lam
757 1727 810 1781 sibi
825 1730 928 1797 legatos
949 1745 997 1781 au-

44 1794 173 1858 diendos,
190 1814 273 1862 neque
286 1798 444 1851 conditiones
457 1800 620 1866 accipiendas
631 1799 810 1873 arbitrabatur
820 1800 855 1849 ab
872 1797 927 1859 his,
952 1798 998 1863 qui

44 1882 96 1931 per
106 1864 200 1917 dolum
213 1875 292 1932 atque
307 1868 429 1931 insidias,
445 1869 526 1934 petita
534 1886 611 1935 pace,
634 1870 706 1920 ultro
719 1864 818 1919 bellum
835 1865 997 1917 intulissenta
1077 1894 1080 1899 -

44 1940 201 2001 exspectare
215 1952 293 1999 vero,
310 1938 373 1989 dum
397 1936 514 1991 hostiurn
531 1938 623 2003 copiae
641 1943 799 2003 augerentur
816 1932 998 1999 equitatusque
1040 1967 1042 1971 v

44 2010 241 2065 revomeretur,
254 2022 373 2057 surannae
385 2006 532 2057 dementiae
543 2005 741 2057 esseinticabat
754 2009 794 2066 et,
811 2001 917 2071 cognita
930 2004 996 2055 Gal·

42 2073 135 2123 lormn
145 2072 309 2138 infirmitate,
328 2082 453 2141 quantum
463 2074 519 2127 ianr
529 2074 600 2141 apud
616 2090 661 2124 eos
673 2074 763 2125 hostes
773 2088 825 2125 turo
836 2071 937 2138 proelio
946 2088 996 2125 au-

44 2141 179 2193 ctoritatis
186 2150 271 2195 essent
283 2144 423 2207 consecuti,
438 2144 577 2195 sentiebat:
595 2143 689 2209 quibus
702 2143 737 2195 nd
748 2140 996 2208 consiliaeapienda

43 2210 116 2261 nssril
129 2210 208 2277 spatii
221 2212 336 2264 dandum
347 2211 521 2267 existimabat.
555 2212 607 2263 His
620 2210 764 2263 constitutis
779 2213 857 2265 rebus
871 2219 898 2262 et
909 2211 996 2263 cousi-

45 2279 84 2330 lio
95 2292 160 2331 cum
173 2280 282 2347 legatis
293 2290 319 2333 st
330 2283 476 2348 Quaestore
488 2281 693 2344 communicato,
709 2298 743 2331 ne
762 2297 840 2346 quem
857 2279 927 2342 diem
945 2298 995 2346 pu-

46 2364 118 2416 gnae
128 2350 358 2415 praetcnnitteret,
376 2350 644 2418 opportunissimam
658 2349 766 2413 accidit,
783 2351 853 2415 quod
869 2348 996 2413 postridie

46 2416 103 2467 aas
121 2417 176 2469 diei
193 2434 271 2470 mane
286 2421 378 2472 eadem
400 2426 426 2472 et
444 2421 554 2492 pertidia
572 2426 599 2471 et
616 2418 784 2471 simulatione
800 2420 842 2470 issi
860 2416 995 2479 manant

46 2488 211 2552 frequentes,
229 2488 348 2540 erunibus
354 2488 515 2557 principibus¹
526 2489 724 2554 maioribusque
732 2494 797 2540 nata
809 2486 945 2547 adhibitis,
960 2484 995 2536 ad

47 2572 109 2607 eum
120 2555 149 2607 in
164 2562 250 2609 castra
259 2565 398 2621 venerunt3
415 2559 502 2621 simul,
513 2566 542 2610 ut
552 2558 695 2621 dicebatur,
705 2556 748 2608 sui
756 2554 885 2624 purgandi
894 2568 996 2635 caussa

47 2626 119 2691 quod
137 2633 241 2689 contra,
258 2634 336 2692 atquc
349 2644 405 2679 esse
415 2628 515 2679 dictum
527 2633 554 2678 et
562 2627 614 2693 ipsi
621 2627 752 2693 petissent,
767 2623 898 2691 proelium
910 2622 997 2688 pridie

48 2694 254 2758 cormnisissent3
277 2695 417 2759 eirnulut,
446 2695 551 2763 siquid
574 2702 691 2763 possent,
711 2695 745 2747 de
766 2691 877 2744 induciis
899 2691 996 2774 fallerr·

47 2763 82 2814 do
104 2762 273 2829 inpetrarcnt.
308 2766 381 2831 Quos
399 2765 450 2817 ribi
467 2766 565 2818 Caesar
580 2766 682 2817 oblatos
701 2761 825 2831 garbas,
847 2760 910 2813 illos
930 2768 997 2811 retr-

48 2832 105 2883 ueri
117 2832 206 2896 iussit3
223 2832 278 2899 ipse
289 2848 378 2886 omnes
390 2834 480 2901 copias
495 2834 588 2887 nutris
600 2833 690 2886 eduxit
700 2830 907 2897 equitemque,
924 2829 996 2911 quod

47 2900 148 2953 recenti
163 2903 264 2968 proelio
283 2903 450 2971 perterritum
468 2920 525 2957 esse
545 2903 727 2964 mstmabet,
754 2913 851 2969 agmen
872 2900 997 2966 subsequr

47 2968 138 3023 iussit:
1069 2998 1077 3007 =

116 3039 171 3091 14:
180 3038 244 3091 slcie
255 3040 352 3109 triplici
359 3039 476 3095 instituta
486 3038 705 3095 eteeleriteerlI
715 3036 821 3091 mtbmr
829 3037 923 3091 itinere
933 3051 997 3088 con-

47 3108 131 3173 l'ecto,
149 3109 223 3177 prius
235 3110 268 3160 ad
287 3111 404 3163 hostiurn
417 3118 510 3163 castra
526 3109 657 3178 pervenit,
673 3124 767 3175 quam,
783 3108 846 3175 quid
863 3112 996 3186 aquetur,

50 3178 178 3230 (lemanni
191 3179 287 3229 sentire
297 3186 408 3247 possent.
442 3180 496 3246 Qui
504 3217 513 3247 ,
530 3178 654 3231 ominibus
665 3179 744 3231 rebus
766 3177 852 3231 subito
866 3181 998 3255 perterriti

49 3252 75 3299 et
85 3247 358 3300 celeritateadveatus
374 3249 456 3301 nostri
473 3254 500 3299 et
518 3248 633 3304 discessu
646 3264 770 3311 morum,
793 3262 878 3311 neque
892 3240 998 3297 constiti
1082 3264 1086 3283 ·

50 3316 180 3385 habendi,
193 3330 280 3383 aeque
297 3306 374 3371 aritia
391 3316 510 3385 capiendi
528 3316 615 3386 spatio
631 3316 707 3380 dato,
728 3318 927 3387 perturbantur,
951 3327 997 3361 co·

51 3386 142 3452 piasne
155 3388 279 3441 adversm
296 3388 401 3441 hostem
414 3388 538 3451 educere,
554 3402 590 3441 au
603 3390 689 3440 casua
706 3387 856 3445 defendere,
879 3397 915 3435 aa
931 3380 998 3444 iugi

94 3480 205 3519 causa.
766 3461 792 3512 E
