2317 3809
333 222 459 277 mna
495 219 696 290 osus-s„
769 172 773 188 '
889 244 893 249 -
945 211 988 276 ιι

43 366 137 427 puratos
151 377 211 413 esse
222 360 417 425 demonstrant,
434 360 556 413 omuibus
576 358 721 413 rationibus
737 358 771 413 tle
788 359 892 414 iniuriis
910 359 987 414 ntis-
1014 359 1019 366 '

42 432 126 483 lasere
163 432 281 498 lleeepta
295 430 535 492 oratione'eorum,
560 430 659 482 Caesar
678 428 779 482 obsides
797 430 910 497 imperat
928 448 986 491 eos·

41 516 83 563 que
94 501 129 551 ud
142 508 245 553 eertum
259 500 329 552 diem
345 498 441 551 adduci
461 499 548 551 iubet:
573 498 625 550 nisi
642 498 680 550 itu
697 499 820 562 teueriut,
843 517 899 551 sese
914 500 986 551 ΙιιΙΙι

41 568 167 620 uisitata
178 576 376 634 persecuturum
394 570 562 620 demonstrat.
595 568 647 621 His
666 569 701 621 ad
721 568 792 621 diem
809 568 941 630 adductis,
958 573 988 624 ut

40 636 224 703 imperaverat,
249 637 363 689 arbitrus
381 637 450 689 iuter
469 636 587 692 civitates
603 638 664 701 dat,
695 636 742 705 qui
756 636 831 690 litem
851 637 989 691 sentiment

40 721 198 771 poenamque
210 706 373 763 eonstituant,
457 742 462 755 .
611 708 614 711 ’

101 776 128 827 2.
147 774 199 827 liis
223 776 348 828 uenientis
360 776 440 827 relrm
460 774 682 841 coeuntibusque
694 774 821 842 peremis,
842 774 870 827 in
882 773 988 829 eiterio-

39 861 92 896 rem
104 843 224 897 Galliam
233 844 463 912 revertimratque
474 844 577 897 indeed
589 844 934 912 exminmprouctssitor:
946 846 988 899 Eo

40 930 116 979 quum
133 912 261 975 venisset,
286 912 402 967 circuitis
426 913 546 966 omuibus
566 913 700 976 moenis,
721 914 852 981 singulari
868 912 986 969 militum

40 983 138 1045 studio,
155 981 184 1033 in
199 998 304 1035 smuma
318 983 437 1035 omnium
459 998 547 1035 rerum
560 982 663 1049 inopia,
685 982 791 1034 cimiter
801 983 849 1035 DC
861 983 924 1035 eius*
937 1000 987 1065 ge-

40 1052 121 1114 ueris,
139 1050 214 1103 ouius
230 1068 311 1118 upra
320 1051 570 1113 demonstravimus,
587 1068 667 1104 naves
679 1054 810 1119 etlongus
820 1052 988 1115 lllll'lll'tns

40 1120 106 1171 ιιιίῑ
114 1120 269 1183 instructas,
285 1136 370 1187 neque
379 1122 492 1173 multum
505 1122 597 1173 abesse
608 1122 643 1174 alr
656 1136 701 1183 eo,
718 1121 780 1187 quin
789 1122 880 1187 pausia
893 1121 986 1175 diebus
1086 1160 1089 1165 ι

40 1188 130 1240 deduci
152 1196 265 1255 possent.
308 1189 476 1244 Conlaudatis
497 1189 625 1242 militibus
639 1196 718 1255 atque
739 1189 785 1253 iis,
816 1190 861 1256 qui
878 1190 986 1259 negotiu

40 1258 216 1323 praefuerant,
242 1258 304 1325 quid
320 1259 380 1311 fieri
397 1258 468 1322 velit,
499 1258 610 1311 ostendit
631 1266 710 1323 atque
730 1258 816 1310 omnis
832 1260 866 1311 ad
880 1265 986 1327 portum

40 1328 116 1381 ltium
131 1326 270 1381 convenire
283 1327 369 1392 iubet,
384 1346 436 1395 quo
447 1346 479 1379 ex
491 1334 567 1395 portu
582 1326 823 1379 uouunodissimum
840 1327 867 1379 iu
879 1327 985 1381 Britan·

41 1396 300 1451 niamtrausmissmu
315 1414 372 1449 esse
384 1404 550 1465 cognoverat,
560 1396 773 1449 circitermilium
782 1392 986 1464 passuumllllli
1006 1396 1010 1405 ’
1116 1400 1121 1407 ’

40 1464 217 1519 acontineuti.
251 1466 322 1519 Huic
337 1466 379 1518 rei
391 1466 460 1533 qnod
475 1465 537 1518 satis
550 1482 607 1517 esse
618 1466 705 1518 visum
720 1467 898 1533 estmilitum,
922 1466 987 1519 reli·

40 1533 108 1599 quit:
125 1533 181 1600 ipse
193 1552 254 1586 uum
269 1535 417 1603 legionibus
438 1534 563 1602 expeditis
583 1534 636 1585 llll
655 1541 682 1587 et
701 1536 832 1602 equitibus
851 1536 942 1592 DCCC
957 1534 986 1591 iu

40 1604 101 1673 fines
110 1603 283 1656 Trevirorum
294 1603 481 1670 proficiscitur,
499 1605 568 1671 quod
580 1604 612 1655 lai
623 1611 709 1670 neque'
728 1608 762 1657 ad
774 1605 886 1657 eoncilia
896 1605 986 1657 venio-

41 1674 113 1734 nant,
129 1688 215 1739 neque
227 1673 338 1740 imperio
350 1670 490 1741 patebunt,
508 1674 705 1740 &meumque
718 1676 920 1727 transrhenanos
932 1674 986 1727 sol·

40 1740 139 1795 licitare
150 1742 311 1801 dicebamur.
924 1741 926 1746 ’

104 1808 129 1862 3.
147 1811 223 1861 Ηιιι
237 1812 329 1863 civitas
346 1812 425 1893 longe
435 1809 579 1879 plurimum
601 1807 681 1864 inlus
693 1809 798 1864 Galliae
808 1811 925 1878 equitatu
933 1828 985 1875 ‚ve-

19 1934 20 1941 χ
40 1878 75 1929 let
86 1896 249 1947 magnasque
259 1882 340 1933 habet
349 1896 439 1949 copias
449 1880 579 1947 peditum,
596 1880 786 1947 Rhenumque,
808 1890 927 1945 utsupra
938 1882 985 1931 de-

28 2004 30 2013 .
42 1947 258 2013 monstravimus,
274 1950 382 2018 tangit..
401 1950 432 2001 ln
443 1966 474 2002 eu
486 1949 593 2001 civitate
605 1948 659 2001 duo
675 1950 708 2000 de
719 1948 867 2015 principatu
879 1948 947 2000 inter
956 1966 985 2001 se

42 2018 242 2083 contendebant,
264 2018 457 2071 indutiomarus
477 2022 503 2070 et
514 2018 681 2091 Cingetorix:
698 2036 729 2071 ex
742 2016 836 2086 quibus
849 2018 932 2080 alter,
947 2017 985 2069 si-

43 2087 93 2137 mul
103 2093 182 2152 atque
195 2088 228 2139 de
233 2087 351 2141 Gaesans
364 2088 550 2157 legionumque
555 2088 668 2143 adventu
678 2087 812 2155 cognitum
823 2091 870 2150 est,
882 2088 916 2138 ad
923 2104 984 2142 eum

43 2155 122 2217 venit3
140 2172 169 2207 so
181 2172 293 2223 suusque
307 2174 396 2214 omnes
405 2157 433 2208 in
445 2156 648 2222 officioftuturos
662 2172 747 2222 neque
758 2158 793 2210 ab
805 2154 922 2209 amicitia
930 2158 984 2209 l’o-
1093 2218 1097 2221 ,

43 2224 94 2289 puli
105 2225 223 2278 Romani
237 2226 383 2281 defeeturos
393 2224 579 2288 vcontinuatim
596 2240 714 2292 quaeque
737 2224 765 2277 iu
777 2224 896 2279 Treviris
906 2244 984 2295 gere-
998 2226 1003 2243 ¹

42 2298 142 2356 rentur,
160 2294 279 2347 ostendit.
312 2296 347 2347 At
366 2289 559 2349 Indutiomarus
572 2292 718 2361 equitatum
734 2295 928 2363 peditatumque
939 2314 983 2348 en-

19 2414 20 2419 ,
42 2378 116 2428 gere,
125 2362 225 2429 iisque,
239 2364 285 2430 qui
295 2380 344 2431 per
353 2371 466 2417 aetatem
477 2364 505 2415 in
517 2362 599 2416 anuis
612 2381 668 2416 esse
678 2381 730 2417 uon
744 2370 878 2431 poteraut,
897 2364 925 2415 in
937 2361 985 2417 sil·

19 2432 20 2443 ³
43 2447 98 2483 sam
119 2430 288 2485 Arduennam
306 2432 418 2496 abditis,
435 2450 502 2500 quae
513 2432 613 2501 ingenti
626 2433 806 2502 magnitudine
821 2450 870 2501 per
882 2433 984 2488 medios

43 2499 102 2550 sines
114 2500 317 2555 Trevirorum
330 2502 438 2553 fluruine
451 2503 546 2555 Rheno
569 2503 603 2553 etl
620 2502 726 2555 initium
737 2505 884 2558 Remorum
902 2501 985 2567 perti·

44 2576 93 2633 net,
110 2570 212 2623 bellum
225 2570 449 2637 paraminstituit
483 2570 535 2623 Sed
553 2577 643 2637 postea
660 2588 740 2639 quam
750 2570 867 2624 nonnulli
880 2569 984 2622 Princi-

45 2654 83 2702 pes
99 2656 132 2691 ex
149 2655 184 2689 ea
204 2639 324 2703 civitate,
342 2647 369 2691 et
388 2640 569 2694 familiaritate
586 2639 763 2709 Cingetorigis
773 2639 878 2691 adducti
896 2645 922 2690 et
936 2640 983 2691 ad·
1048 2673 1052 2679 -

45 2714 116 2759 ventu
135 2708 218 2760 nostri
235 2709 362 2761 exercitus
379 2708 526 2783 perterriti,
547 2708 583 2759 ad
601 2710 742 2761 Caesarem
762 2712 888 2759 venerunt
906 2710 982 2761 etde

44 2776 92 2827 ιιιὶι
104 2777 230 2843 privatim
240 2780 318 2830 rehtu
328 2780 363 2829 ab
375 2794 406 2829 eo
416 2787 502 2844 petere
518 2785 665 2843 coeperunt,
676 2777 800 2844 quoniam
815 2775 914 2829 sisium
919 2795 981 2829 eou-

45 2846 124 2897 sulere
135 2862 188 2897 non
197 2853 314 2914 possuntt
331 2846 522 2899 indutiomarus
533 2846 645 2909 veritus,
667 2864 702 2898 ιιι
720 2847 755 2898 ab
768 2844 889 2897 omuibus
908 2847 983 2899 dese-

45 2922 153 2979 remur,
170 2917 273 2985 legatos
284 2917 318 2969 ad
328 2916 469 2967 Caesarem
481 2915 578 2979 mittit,
593 2932 659 2979 ,sese
670 2915 768 2965 ideirco
782 2916 817 2966 ab
832 2914 885 2965 suis
897 2914 982 2986 disue-

45 2983 102 3034 dere
110 2992 191 3051 atque
202 2987 237 3037 ad
251 3002 313 3037 eum
326 2982 415 3037 venire
424 2985 551 3053 noluisse,
567 3001 620 3050 quo
635 2983 740 3035 facilius
753 2983 885 3035 civitatem
898 2982 926 3036 in
940 2987 982 3038 ot-

45 3050 102 3102 fiuio
121 3054 277 3118 contineret,
300 3071 333 3105 ne
352 3053 436 3107 omnis
452 3052 596 3107 nobilitatis
613 3053 728 3105 dimensa
738 3052 815 3135 plebs
824 3060 930 3121 propter
940 3054 981 3107 in·
1020 3094 1027 3104 ,

46 3122 205 3185 prudentiam
220 3125 359 3177 laberetm.
400 3124 492 3191 Itaque
509 3139 565 3179 esso
585 3120 765 3194 civitatetua
783 3140 832 3174 ιιι
847 3129 982 3188 potestate,

46 3206 133 3255 seque,
148 3193 172 3245 si
185 3194 284 3245 Caesar
295 3192 470 3260 permitteret,
483 3193 516 3245 ad
528 3191 629 3241 eumin
641 3197 910 3245 emunaeutunuuet
921 3208 982 3262 tuus

47 3257 205 3329 civitatisque
217 3264 335 3319 inmunes
350 3261 405 3313 eius
420 3260 482 3313 fidei
494 3259 691 3327 permissurum
910 3269 912 3273 ’

109 3331 134 3384 l.
153 3334 267 3395 (tamar,
282 3331 331 3384 etsi
345 3330 527 3399 intellegebat,
552 3345 605 3395 que
624 3330 657 3381 tle
669 3343 762 3385 caussa
776 3344 810 3381 ea
827 3330 982 3392 dicerentur,
1041 3371 1049 3390 ,

48 3414 160 3471 quoquo
171 3418 234 3455 ιιιιιι
243 3417 287 3457 ιιι
299 3401 335 3455 ab
344 3398 463 3456 instituto
477 3398 756 3470 eonsilisdotmeret,
765 3403 866 3473 nmen,
888 3416 923 3451 ns
936 3414 981 3450 as-
1064 3432 1069 3440 .
