2317 3809
156 196 199 258 72
433 202 848 284 uenumocnnmco

156 342 551 489 detulilistis&
557 343 1131 478 t‘uutlttittiuffid'att'i

157 496 239 547 qutun
251 480 404 536 tenuissima
410 483 554 534 valitudine
562 490 636 545 esset,
649 500 683 533 ne
695 488 852 534 nocturnum
868 480 974 548 quidem
986 480 1039 532 sibi
1051 488 1131 533 tcm-

157 567 207 617 pus
222 551 255 601 ad
266 550 379 616 quietem
389 552 560 618 relinquebat,
573 557 602 604 ut
611 553 679 604 ultro
692 550 808 603 militum
822 567 950 603 concursu
962 567 994 603 ac
1005 551 1131 603 vocibus

158 620 208 672 sibi
221 636 329 687 parcere
345 628 491 689 cogeretur.
976 685 978 689 Ι

228 688 270 741 41.
291 688 368 741 Tunc
387 693 465 742 duces
484 690 666 758 principesque
679 688 852 753 Nerviorum,
874 688 920 755 qui
933 688 1050 755 aliquem
1066 706 1132 741 ser-

49 772 50 781 ’
158 758 243 811 monis
254 758 354 809 aditum
369 772 538 827 caussamque
551 757 683 811 amicitiae
695 776 756 809 cum
762 758 888 810 Cicerone
899 759 1040 820 lmbelrant,
1055 776 1130 809 con-

157 827 231 894 loqui
241 844 297 879 sese
317 830 385 880 velle
404 829 500 882 dicunt.
535 831 619 881 Facta
637 833 779 895 potestate,
797 828 903 892 eadem,
925 844 992 894 quae
1005 827 1131 880 Ambio

158 896 200 949 rix
220 904 281 949 eum
304 896 410 965 Titurio
433 904 538 967 egeret,
571 903 791 961 commemorant,
820 914 920 948 omnem
943 914 996 948 esse
1018 898 1049 947 in
1078 916 1130 949 ar-

46 1000 53 1011 ,
158 968 208 1030 mir
224 966 353 1031 Galliam,
376 969 518 1020 Germanou
533 969 652 1019 Rhenum
665 967 803 1029 transisse,-
816 967 935 1021 Caesaris
946 967 1130 1034 reliquorum-

159 1052 208 1104 que
222 1036 332 1087 atiena
348 1038 502 1105 obpugnari.
529 1038 633 1089 Addunt
646 1036 728 1088 etiam
739 1036 772 1087 de
785 1037 877 1086 Sabini
886 1043 976 1087 morte.
1009 1037 1129 1086 Ambio-

159 1107 385 1173 rigemostentant
394 1108 460 1173 fidei
463 1107 609 1172 sociandae
617 1122 718 1157 coemo:
731 1122 821 1156 errare
833 1122 875 1155 eos
887 1104 991 1167 dicunt,
1002 1105 1027 1155 si
1042 1106 1130 1172 quid—

159 1190 238 1242 quam
252 1175 285 1225 ab
302 1175 348 1226 lu's‘
353 1176 481 1243 praesidii
491 1182 607 1243 sperent,
627 1176 671 1242 qui
685 1175 833 1237 antemius
846 1174 985 1240 diffideram
1001 1190 1059 1229 ease
1080 1183 1129 1225 tu-

159 1258 219 1295 men
232 1244 278 1294 leco
292 1248 345 1295 etse
360 1246 388 1297 in
401 1248 547 1297 Ciceronem
562 1243 886 1311 PopulemqueRomonnm
901 1244 996 1305 animo,
1009 1250 1041 1301 ut
1053 1246 1131 1295 nihil

160 1314 210 1364 nisi
224 1313 333 1363 hiberno
345 1322 463 1366 recinent
477 1322 554 1381 atque
574 1314 642 1365 hanc
655 1315 841 1365 inveterascere
852 1310 1130 1365 conuenarum-

144 1383 223 1434 ,lint2
250 1383 326 1433 licere
339 1383 401 1434 'illie
422 1384 589 1435 incolum-idne
607 1399 656 1449 per
676 1399 704 1433 ee
724 1399 755 1433 en
773 1380 888 1432 hibernie
911 1381 1056 1443 discedere,
1092 1392 1129 1441 et,

161 1447 333 1520 mariumque
344 1452 374 1502 r'n
386 1460 478 1520 portes
491 1454 581 1516 velint,
594 1454 650 1503 sinc
663 1459 735 1503 mete
744 1451 877 1518 proficisci.
901 1450 993 1501 Cicero
1001 1450 1131 1502 adhaec

160 1534 242 1572 unum
259 1520 338 1571 modo
352 1520 497 1588 respondit:
510 1522 583 1573 'Non
593 1538 648 1572 eree
665 1521 871 1571 emunetudinem
888 1520 980 1586 Populi
995 1520 1130 1583 Βοηιαπί,

160 1590 243 1654 ullam
255 1590 370 1656 accipere
385 1592 417 1641 ab
435 1591 507 1642 hoste
522 1598 625 1642 armato
639 1591 824 1641 mnditionern:
848 1590 872 1639 si
884 1590 918 1639 ct
934 1590 1015 1639 armis
1035 1590 1130 1641 disce-
1143 1585 1145 1596 '

162 1659 224 1711 dere
238 1660 331 1725 velint,
344 1676 371 1711 re
383 1660 502 1711 adiutore
515 1668 624 1713 utantur
635 1662 784 1727 legatosque
797 1659 834 1709 od
849 1658 987 1709 Caesarem
996 1658 1130 1711 munt:

135 1742 138 1750 ·
162 1744 283 1797 sperare,
296 1744 345 1795 pro
361 1731 415 1780 eine
429 1730 546 1792 institia,
563 1744 630 1795 quoe
643 1728 779 1795 petierint,
797 1730 980 1794 inpetraturoe.

223 1797 274 1849 142.
286 1798 327 1849 Ab
339 1798 391 1849 hae
403 1815 448 1865 spe
460 1797 558 1863 repulsi
565 1796 742 1860 Nervii,vallo
752 1798 849 1862 pedum
862 1797 900 1847 XI
912 1802 938 1848 et
946 1798 1130 1863 lossapedum

162 1868 209 1919 XV
215 1866 327 1919 hiberna
334 1866 449 1935 cingunt.
467 1868 542 1928 Haec
553 1872 579 1919 et
592 1865 756 1932 superiorum
766 1882 894 1917 annorrun
905 1866 1100 1917 consuetudine
1112 1884 1130 1917 a

161 1936 255 1989 nostris
264 1934 765 2003 cognoverantet‚quosdemdeerercitu
774 1934 843 1986 nocti
850 1933 1015 2002 captivoqab
1021 1934 1068 1985 his
1077 1937 1130 1986 do-

163 2007 301 2057 cebantur:
312 2006 366 2069 scd,
374 2006 447 2057 nulla
457 2006 677 2058 ferramentorum
689 2003 848 2071 copimquae
855 2010 915 2055 sunt
922 2005 956 2056 ad
964 2004 1130 2055 huncusum

162 2074 265 2137 idonea,
275 2073 371 2140 gladiis
384 2074 508 2141 cespitem
519 2073 715 2137 circumcidere,
726 2073 847 2124 manibus
858 2072 1009 2141 sagulisque
1020 2077 1130 2125 terram
1143 2105 1145 2158 Ι

138 2176 140 2183 ,
162 2142 303 2193 exlraurirc
321 2144 490 2211 cogebantur.¹
521 2144 585 2209 Qua
604 2142 709 2209 quidem
729 2160 761 2193 ex
778 2159 808 2193 re
826 2142 965 2194 hominum
977 2141 1129 2194 multitudo

164 2210 288 2279 cognosci
298 2212 394 2277 potuit:
403 2228 470 2263 nam
484 2212 571 2264 nunus
584 2211 658 2263 horis
665 2211 748 2263 tribus
760 2210 866 2262 milium
872 2212 963 2263 decem
972 2209 1131 2263 incircuitu

165 2278 337 2331 munitionem
346 2281 523 2348 perfeceruntr
539 2280 699 2347 reliquisque
708 2280 803 2331 dicbus·
810 2285 896 2331 turres
907 2282 941 2331 ad
953 2278 1129 2333 altitudinem

164 2348 245 2411 valli,
264 2348 346 2401 falces
359 2350 570 2417 testudinesque,·
584 2366 648 2417 quos
659 2348 741 2402 iidem
754 2349 852 2416 captivi
867 2349 1016 2413 docueruut,
1024 2365 1130 2416 parare

90 2460 92 2469 .
165 2432 198 2471 ac
211 2418 299 2469 facere
315 2424 461 2485 coeperunt.
488 2434 490 2443 ’

234 2484 278 2539 43.
295 2487 412 2555 Septimo
426 2485 626 2555 obpugnationis
636 2485 692 2549 die,
709 2484 827 2537 maximo
844 2490 934 2538 coorto
949 2490 1041 2550 rento,
1067 2488 1127 2540 fer-

165 2561 252 2609 ventes
263 2556 374 2608 fusiliex
387 2556 485 2623 argilla
491 2556 600 2623 glandes
611 2555 699 2607 fundis
710 2563 737 2607 et
742 2555 885 2607 fervefacta
895 2556 983 2607 iacula
994 2555 1022 2607 iu
1033 2572 1127 2620 cumas,

166 2642 234 2693 quae
247 2642 321 2677 more
334 2625 438 2682 Gallico
449 2624 597 2677 stramentis
607 2630 682 2676 eruut
695 2630 786 2689 tectae
798 2624 886 2676 iacere
896 2629 1043 2692 coeperunt
1053 2627 1128 2678 “Hae

166 2694 285 2747 celeriter
299 2694 389 2764 ignem
401 2694 650 2760 comprehenderunt
662 2699 689 2745 et
701 2692 773 2747 venti
783 2689 964 2761 magnitudine
972 2693 999 2745 in
1012 2710 1127 2746 omnem

166 2768 311 2815 castrorum
323 2766 413 2817 locum
424 2762 586 2815 distulenmt.
620 2764 730 2835 Ileates,
745 2762 863 2815 maximo
874 2765 987 2815 clamore
998 2761 1126 2828 insecuti,

167 2832 242 2897 qussi
259 2839 335 2899 parta
354 2833 410 2885 iam
432 2838 510 2899 atquc
527 2831 806 2899 explorata-notoria,
828 2839 914 2885 turres
927 2832 1127 2900 testudinesque

166 2913 250 3020 tini
258 2902 663 3023 {diffinduntur
673 2903 901 3023 filistini}
908 2906 988 3021 ‘iit
1002 2900 1126 3023 titi?

167 3052 213 3089 ma
222 2988 381 3091 torrsilentur
393 2988 559 3106 rdaximaque
570 3040 683 3091 telorum
694 2989 860 3091 mdltitddine
867 2988 1048 3107 premerethur
1057 3057 1125 3093 sua-

111 3152 121 3163 ,
167 3119 218 3173 que
232 3106 319 3159 omnia
328 3106 503 3173 iupedimenta
515 3116 594 3175 atque
611 3123 700 3159 omues
713 3109 828 3160 fortunas
841 3110 1005 3177 conflagrare
1017 3107 1125 3160 intelle-

166 3183 272 3243 gerent,
288 3192 340 3226 non
357 3178 435 3227 modo
454 3177 620 3245 demigrandi
638 3180 730 3232 canusa
744 3178 777 3228 de
794 3179 865 3230 vallo
884 3179 1019 3230 decederet
1032 3195 1124 3242 nemo,

110 3258 115 3267 '
166 3245 211 3295 sed
222 3256 305 3310 paene
315 3261 348 3293 ne
361 3244 501 3311 respiceret
519 3246 624 3313 quidem
645 3247 798 3312 quisquam
816 3265 848 3299 uc
865 3253 924 3299 tum
940 3264 1032 3299 omues
1044 3263 1124 3301 acen

167 3312 235 3363 rime
251 3311 443 3377 fortissimeque
463 3321 616 3382 pugnarent
650 3315 704 3367 Hic
723 3314 778 3366 dies
795 3316 889 3368 noane
902 3318 982 3385 longe
992 3316 1125 3384 gravissi-

168 3396 227 3435 unu
238 3380 304 3446 tuit3
321 3381 367 3435 ssd
375 3385 464 3435 mmm
475 3384 546 3435 hunc
555 3382 649 3437 habuit
666 3390 804 3450 eventum,
827 3391 857 3440 ut
877 3403 911 3440 eo
927 3385 971 3439 dle
986 3385 1123 3441 maximus
