2317 3809
304 181 469 239 amn.
504 182 736 241 caen-as.
964 176 1007 245 51

49 340 90 387 so,
104 322 133 377 in
148 321 365 391 casualcgtoms
376 322 486 377 reduxit.
520 324 592 376 Dum
601 325 669 377 baec
676 329 811 393 geruntur,
820 324 915 381 nosbis
921 328 1007 382 omnir

48 394 266 460 bnsoccnpatis,
284 392 330 459 qni
340 400 414 445 eraut
425 392 452 443 in
465 392 538 461 egris
557 394 667 459 reliqui,
684 395 862 449 discesserunt
895 397 1007 451 secutae

49 469 110 514 sunt
123 464 264 515 continuos
277 463 424 527 complures
435 461 675 529 diestempestetes,
694 481 761 530 quac
773 474 798 517 et
810 474 911 517 nostros
921 467 948 517 in
961 484 1005 519 ca·

48 533 111 583 stris
124 532 290 587 continerent
302 540 328 582 et
338 534 443 583 bostem
455 546 472 583 a
484 547 573 599 pugna
584 532 760 598 prohiberent„
790 535 898 588 interim
909 536 1006 588 burbu-

47 601 74 651 ri
86 601 199 653 nuncios
212 600 241 653 in
256 617 346 651 omnes
357 608 443 666 partes
461 598 615 653 dimiserunt
632 603 841 669 paucitatemque
856 612 1008 657 nostrorum

48 671 171 723 militum
184 670 239 721 suis
252 670 468 736 praedicaverunt
480 676 519 732 et,
536 680 633 736 quanta
644 673 757 736 praedae
778 672 918 724 faciendae·
929 681 1007 739 atque

48 740 78 790 in
91 744 250 806 perpetuum
262 738 304 789 sui
320 737 451 791 liberandi
466 739 576 794 incultas
587 741 709 803 daretur,
725 742 749 793 ei
764 743 899 795 Romanos
914 742 1023 795 castris.

48 808 222 874 expulissent,
238 809 486 862 demonstraverunt.
519 807 570 859 llis
581 811 660 861 rebus
672 810 791 863 celeriter
807 824 905 878 magun
916 810 1007 863 multi·

50 878 144 931 tudiue
158 877 288 943 peditatus
300 875 479 945 equitatusque
492 884 599 941 coacta,
616 880 650 930 ad
664 886 749 931 castra
760 880 893 933 venerunt

124 945 169 999 35.
187 944 457 1008 caesareensium,
474 946 543 1011 qnod
556 947 732 1013 superioribus
754 949 845 1000 diebus
866 948 1007 1011 ceciderat,

51 1016 112 1067 fore
126 1016 247 1078 videbat,
265 1022 309 1077 ut,
326 1013 349 1065 si
362 1019 446 1066 essent
458 1016 545 1067 hostes
556 1015 640 1083 pulsi,
656 1016 789 1071 celeritate
799 1018 946 1085 perieulum
967 1018 1007 1069 el·

50 1086 191 1152 fugerent3
208 1088 398 1139 tamcnuaetus
409 1083 508 1149 equites
527 1084 633 1137 circiter
647 1085 770 1153 triginta,
788 1105 852 1154 quos
872 1086 1008 1139 Commius

50 1156 183 1215 Atrebas,
202 1153 235 1204 de
252 1170 303 1219 quo
319 1159 378 1203 ante
392 1152 556 1216 dictumest,
574 1172 663 1222 secum
674 1163 904 1221 transportaverat,
921 1154 1006 1224 legio-

51 1223 139 1275 nesin
150 1220 208 1273 acie
221 1239 270 1287 pro
282 1220 372 1271 castris
382 1220 522 1275 constitnit.
558 1223 703 1275 &immisso
717 1224 829 1289 pmelio,
847 1224 943 1277 diutius
958 1241 1007 1277 uo-
1079 1241 1082 1247 ·

51 1289 172 1343 atrorum
190 1290 307 1341 militnm
325 1289 441 1355 inpetum
459 1292 546 1343 hostes
566 1294 636 1344 ferre
655 1310 706 1343 non
722 1300 860 1359 potuerunt
879 1309 910 1344 ac
931 1300 1008 1361 terga

50 1364 196 1412 verterunt.
232 1354 305 1425 Quos
318 1363 389 1411 tanto
404 1359 487 1425 spatio
504 1360 601 1423 secuti,
626 1369 752 1429 quantum
769 1380 847 1413 cursu
863 1369 889 1413 ct
905 1361 1006 1413 viribus

50 1430 162 1483 efficere
173 1432 328 1497 potuerunt,
345 1428 492 1494 complures
511 1447 542 1481 ex
563 1429 597 1485 iis
615 1430 778 1495 occiderunt3
795 1430 901 1494 deiude,
921 1429 1007 1482 omni-

50 1502 104 1551 bus
113 1500 195 1565 longe
209 1499 314 1563 lateque
326 1496 439 1547 adflictis
448 1496 619 1565 incensisque,
635 1518 663 1552 ee
676 1498 704 1551 iu
716 1509 802 1551 omna
812 1507 970 1566 receperunt.

122 1566 168 1619 ab.
186 1567 287 1619 Eodem
301 1566 343 1616 die
358 1557 453 1633 legati,
470 1566 504 1617 ab
529 1566 650 1619 hostibus
670 1568 745 1619 missi
762 1570 796 1619 ad
815 1570 955 1620 Gaesarem
972 1568 1006 1619 dc

50 1653 134 1704 pace,
159 1641 294 1691 venerunt.
328 1634 379 1699 llis
400 1635 497 1687 Caesar
514 1653 654 1689 numenun
673 1637 810 1700 obsidum,
833 1655 910 1703 quem
929 1644 1007 1695 antea

51 1708 241 1772 imperaverat,
253 1701 396 1770 duplicavit
407 1720 502 1771 eosque
513 1705 539 1755 in
550 1706 724 1757 continentem
735 1704 829 1758 adduci
840 1704 923 1767 iussit,
928 1707 1007 1773 quod,

52 1774 204 1843 propinqua
213 1773 256 1824 die
268 1770 438 1839 aequinoctii,
449 1772 558 1825 inlirmis
576 1775 701 1837 nauibus,
717 1774 800 1827 biomi
812 1774 1007 1842 nauigationem
1019 1818 1025 1829 .

53 1843 248 1896 subiiciendarn
259 1856 311 1892 non
326 1840 498 1894 existimabat.
531 1844 605 1909 Ipse,
620 1843 740 1895 idoneam
759 1851 940 1909 tempestatem
959 1860 1007 1895 na-

54 1920 126 1976 ctus,
145 1912 235 1979 paullo
250 1918 310 1977 post
323 1908 439 1961 mediam
449 1916 552 1962 noctem
563 1928 643 1963 naves
664 1912 753 1972 solvit,
776 1928 843 1977 quae
859 1928 948 1962 ornnes
966 1912 1008 1962 in-

54 1983 173 2035 columes
189 1981 223 2031 ad
235 1977 408 2030 continentem
420 1987 609 2046 pervenerunt;
623 1980 670 2035 sed
683 1998 715 2031 cx
728 1980 770 2031 his
784 1979 919 2031 onerariae
939 1981 1007 2033 duae

54 2052 177 2113 eosdem,
195 2066 260 2115 quos
274 2048 406 2119 reliquae,
422 2054 513 2116 portus
534 2066 629 2118 capere
644 2065 697 2100 non
716 2054 855 2119 potuerunt
874 2055 901 2101 et
917 2050 1007 2117 paullo

53 2120 318 2173 intercluserunt.

124 2186 168 2241 at.
187 2186 289 2252 Quibus
301 2204 333 2237 ex
343 2186 453 2241 navibus
468 2204 549 2253 quum
561 2190 647 2241 essent
658 2186 768 2255 expositi
788 2186 886 2240 milites
903 2188 1007 2242 circiter

55 2258 139 2321 CCC,
158 2263 238 2322 utque
259 2255 287 2307 in
304 2261 391 2308 castra
411 2258 608 2319 contenderent,
629 2257 742 2320 Morini,
763 2273 827 2323 quos
850 2260 961 2322 Caesar,
978 2258 1007 2309 in

54 2326 223 2379 Britanniam
236 2324 409 2392 proficiscens,
424 2332 530 2392 pacatos
542 2326 698 2391 reliquerat,
711 2345 757 2394 spe
769 2328 880 2393 pmedae
892 2326 1007 2391 adducti,

55 2396 144 2463 primo
156 2413 209 2447 non
220 2394 258 2446 ita
267 2411 365 2461 magno
376 2410 484 2447 suorum
498 2412 608 2451 nrumero
620 2395 845 2452 circumsteterunt
854 2413 899 2456 ae,
916 2396 939 2447 si
951 2412 1008 2447 sese

54 2464 169 2518 interfici
182 2464 294 2526 nollent,
312 2480 387 2515 arma
406 2481 502 2531 ponere
519 2464 656 2516 iusserunt.
691 2467 781 2530 Quium
797 2464 839 2515 illi
853 2466 916 2515 orbe
937 2465 1008 2515 iacto
1043 2496 1046 2503 -

56 2552 113 2586 sese
124 2535 304 2595 defenderent,
322 2532 442 2585 celeriter
452 2534 485 2585 ad
497 2534 640 2585 clamorem
652 2534 791 2587 hominum
811 2533 915 2587 circiter
932 2532 1009 2584 milla

57 2605 91 2653 ll
109 2610 293 2655 conuenerunt.
335 2602 395 2667 Qua
417 2620 446 2653 re
466 2603 603 2667 nunciata,
627 2604 725 2655 Caesar
743 2611 848 2669 omnem
864 2619 895 2652 ex
916 2600 1009 2652 castris

58 2672 204 2739 equitatum
213 2671 267 2723 suis
279 2671 377 2721 auxilio
388 2671 467 2724 misit.
500 2673 609 2723 Interim
623 2672 705 2723 nostri
717 2672 814 2723 milites
829 2669 946 2735 inpetum
957 2671 1008 2720 bo·

57 2744 137 2793 stium
158 2740 334 2793 sustinuerunt
352 2747 430 2807 alque
449 2742 561 2807 amplius
582 2740 657 2793 horis
674 2749 786 2807 quatuor
805 2738 945 2794 fortissime
959 2757 1008 2807 pu·

57 2818 204 2879 gnarerunt
217 2814 259 2871 et,
276 2808 367 2875 paucis
380 2810 529 2861 vulneribus
542 2810 672 2877 acceptis,
688 2810 835 2875 complures
848 2826 879 2859 ex
889 2807 923 2858 iis
936 2808 1009 2861 ocuti-

58 2882 158 2939 dcrnnt.
193 2880 289 2929 Postea
302 2896 365 2931 vero
379 2895 459 2945 quam
473 2878 603 2957 equitatus
615 2886 702 2935 noster
714 2878 742 2929 in
754 2886 918 2944 conspectum
929 2878 1008 2941 uenit,

57 2950 145 3000 hostes
162 2947 272 3001 abiectis
285 2947 365 3000 armis
381 2953 607 3017 tergavcrteruut
625 2964 789 3015 unguesque
808 2963 899 2999 eornm
916 2965 1009 3001 nume·

56 3036 101 3069 rus
116 3022 156 3069 est
168 3016 277 3069 occisus.

123 3086 168 3139 38.
187 3087 286 3137 Cacsar
296 3092 400 3153 postero
415 3086 458 3139 die
472 3086 505 3139 T.
525 3086 671 3139 Labienum
688 3086 819 3153 Legatum
837 3102 899 3140 eum
919 3084 953 3139 iis
969 3087 1009 3138 le·

56 3156 197 3223 monibus,
214 3171 279 3221 quas
292 3174 324 3207 ex
336 3156 473 3208 Britannia
490 3159 644 3217 reduxerat,
660 3156 688 3205 iu
705 3154 837 3218 Morinos,
861 3155 906 3222 qui
924 3156 1010 3206 rebel-

57 3226 155 3277 lionem
167 3226 299 3288 lecerunt,
316 3226 395 3277 misit.
436 3225 490 3293 Qui
510 3242 592 3291 quum
609 3230 716 3291 propter
727 3224 855 3277 siccitates
873 3226 1009 3291 paludum,

58 3312 144 3360 quase
154 3293 307 3361 reciperent,
325 3313 377 3346 non
387 3297 521 3359 haberent,
539 3312 592 3361 quo
599 3290 726 3361 'perfugio
734 3293 862 3361 superiori
871 3294 938 3345 duno
952 3295 1010 3345 iue-
1068 3344 1071 3351 ,

58 3370 116 3419 rant
140 3363 198 3429 usi,
226 3378 316 3419 ornnes
335 3366 392 3419 lere
406 3364 435 3419 in
455 3368 611 3435 potestatem
628 3363 739 3417 Labieni
758 3369 890 3423 venerunt
923 3363 958 3416 dt
974 3362 1008 3429 Q
