2317 3809
296 230 375 288 uta.
393 232 437 287 Vl.
471 233 557 288 CAP.
574 232 701 288 20-26.
943 228 985 289 87

30 370 92 422 inae
103 370 265 425 incursionis
276 372 488 426 timoresabiata
525 373 611 437 Quum
630 368 723 426 lilium
742 371 835 427 ciuitas
852 380 901 427 aut
915 374 984 427 inlo-

29 450 74 491 tam
89 442 232 507 defendit,
251 452 299 493 aut
313 444 406 509 insert:
424 444 611 510 magistratus,
630 445 675 511 qui
693 444 718 493 ei
729 445 794 495 lello
805 445 939 511 praesint,
956 450 986 497 a

27 513 91 563 citae
105 512 234 578 necisque
250 513 364 563 habeant
380 520 548 579 potestaten,
574 512 734 579 deliguntur.
768 513 801 563 In
816 531 883 580 pace
900 515 987 564 nullus

28 586 61 631 est
74 580 224 631 communis
237 582 421 650 magistratus,
439 582 485 632 secl
499 582 631 647 Principes
645 583 781 649 regionum
803 589 881 649 atque
898 598 986 649 pago-

26 666 78 699 rum
89 651 165 700 inter
177 666 238 701 suos
251 652 292 701 ius
306 651 408 714 dicant,
426 652 659 718 controversiasque
674 652 801 703 minuunt.
836 650 987 701 Latrocinia

26 721 123 769 nullam
137 718 240 769 halent
252 721 400 786 infamiam,
416 738 482 787 quoe
494 729 566 771 estro
573 722 644 786 fines
650 722 771 788 cuiusque
784 720 898 771 ciuitatis
898 722 971 786 fiunt
976 736 987 780 ,·

26 796 102 855 atque
119 806 155 839 ea
172 788 315 839 iuuosrtutio
325 790 481 840 exarcendac
492 807 523 839 ac
536 790 653 841 desidiae
660 790 815 841 minuendae
827 788 989 855 caussaficn‘

24 857 205 923 praedicant„
230 860 329 925 Atque,
347 860 391 909 ulti
403 860 460 927 quis
478 876 508 909 cc
525 859 685 925 Principibus
705 860 733 909 in
747 859 851 909 concilio
865 858 944 920 elisit,
959 873 987 907 se

27 927 115 976 «lucem
125 930 212 992 sore5
229 928 274 994 qai
285 928 357 995 semsi
369 928 464 991 velint,
479 930 666 995 profiteantum·
684 934 841 995 consurgunt
853 928 894 991 ii,·
905 928 950 994 aui
961 931 988 977 et

27 1012 147 1046 caussam
164 1002 192 1046 et
204 996 332 1047 huminem
341 998 454 1063 psalant
470 1014 595 1063 saumque
609 997 734 1068 ancilium
744 998 900 1063 pollicentur
909 1000 997 1063 aque*

27 1065 57 1113 ab
71 1064 244 1117 multitudine
258 1066 464 1117 conlaudantur:
482 1067 526 1133 qui
544 1083 575 1115 ea
593 1067 626 1117 iis
639 1067 719 1117 secuti
730 1083 781 1117 non
794 1073 870 1129 sunl,
894 1066 923 1116 in
941 1064 988 1115 sle-

26 1141 157 1193 sartorum¹
169 1150 202 1185 ac
212 1135 375 1201 proditorum
393 1152 499 1199 numero
519 1134 647 1185 ducuntur
669 1136 830 1203 omniumque
850 1136 882 1187 iis
900 1150 988 1186 rerum

25 1211 116 1269 postea
124 1203 201 1271 ficies
216 1204 368 1271 derogatur,
403 1204 524 1270 Hospites
544 1206 657 1266 violare,
669 1208 717 1270 sas
737 1222 788 1254 non
807 1211 919 1270 putant3
944 1202 988 1271 qui

27 1289 129 1338 quaque
143 1272 180 1323 cle
193 1288 285 1322 caussa
301 1273 337 1323 ad
354 1290 395 1323 eos
407 1275 537 1335 acumini,
565 1274 598 1323 ab
611 1274 707 1324 iniuria
718 1274 856 1341 prohibent
873 1280 987 1323 sanctos-

27 1358 73 1409 que
87 1342 208 1402 halem,-
221 1342 253 1391 iis
268 1343 380 1393 omnium
395 1342 484 1393 domas
493 1348 605 1409 patent,
617 1344 749 1409 uictusque
760 1344 969 1395 communicatur.

93 1442 142 1495 24.
161 1443 202 1495 Ac
214 1438 266 1495 fuit
279 1448 355 1495 antea
368 1449 484 1511 teinpus,
502 1460 583 1510 qaum
595 1444 739 1497 Genuanos
753 1444 826 1496 Galli
836 1444 933 1497 virtute
943 1461 988 1495 sn·

27 1518 167 1580 pararent,
186 1514 258 1563 ultro
273 1513 345 1565 bellu
360 1513 497 1576 interrant,
521 1520 628 1581 proptu
638 1513 776 1565 homiuum
793 1514 988 1567 multitudinem

28 1583 142 1649 agrique
157 1581 278 1648 inopiam
297 1588 369 1633 trans
387 1584 511 1633 Rhenum
532 1582 648 1633 colonias
668 1582 808 1636 mitterent.
842 1585 934 1649 ltaque
947 1598 989 1645 crs,

28 1669 94 1716 quae
107 1650 351 1713 fertilissimasunt,
365 1651 522 1703 Gemanica
536 1652 596 1703 ioca
607 1652 707 1703 circum
713 1652 989 1719 Hercyniamsilvam,

28 1723 124 1787 (quum
133 1719 307 1771 Eratostheni
321 1726 347 1771 et
358 1720 513 1786 quibusdam
524 1720 632 1771 Graecis
644 1722 717 1771 fama
733 1730 822 1772 notam
833 1738 891 1771 esse
899 1720 989 1783 rideo,

27 1808 108 1856 quam
125 1788 170 1839 iili
183 1788 327 1855 Orcyniam
342 1791 496 1857 adpellant)
511 1790 607 1841 i'olcac
619 1791 779 1856 Tectosages
797 1794 990 1854 occapuvcmut

28 1868 106 1925 atque
119 1858 161 1909 ibi
176 1859 354 1910 consederunt.
390 1860 464 1925 Quae
476 1876 540 1926 gens
555 1860 588 1909 ad
596 1859 653 1917 ⁴hoc
667 1864 770 1924 tompus
782 1857 816 1908 iis
828 1857 933 1907 sedibus
945 1874 987 1907 so-

27 1946 55 1981 se
68 1926 191 1981 continet
201 1944 383 1995 summamque
395 1928 476 1979 habet
491 1926 608 1979 iustitiae
619 1933 645 1979 et
656 1925 770 1977 bellicae
785 1924 870 1977 laudis
886 1924 988 1991 opinio-

27 2014 105 2049 nem:
129 2012 202 2047 nunc
222 2013 325 2065 quoque
344 1996 482 2049 incudem
501 1994 604 2061 inopia,
627 2000 757 2063 egestate,
774 1992 913 2061 patientia,
937 2008 990 2060 qus

29 2064 174 2126 (iammoni,
199 2070 364 2131 permanent,
389 2068 480 2117 eodem
502 2063 572 2117 sicta
597 2070 623 2115 et
639 2064 713 2115 cultu
727 2062 844 2131 corporis
865 2058 989 2125 utunlun

30 2136 117 2187 (iuliis
131 2140 224 2187 autom
243 2133 399 2187 Provinciae
411 2132 600 2203 propinquitas,
613 2138 638 2185 et
649 2132 884 2185 transmarinarum
898 2148 988 2185 rorum

28 2205 143 2268 notitia,
157 2205 244 2255 multa
257 2204 290 2255 ad
305 2204 409 2270 copiam
418 2210 496 2271 atquc
510 2220 570 2254 usus
584 2201 706 2271 largitur.
737 2202 881 2254 Paullatim
893 2203 988 2254 adsuc-

29 2274 95 2325 iacti
110 2272 246 2339 superari,
270 2274 411 2341 multisque
426 2272 489 2325 victi
502 2272 624 2341 proeliis,
648 2289 682 2325 uo
695 2288 724 2325 so
738 2272 845 2340 quidem
862 2271 915 2341 ipsi
925 2286 987 2325 cum

28 2342 84 2395 illis
97 2342 199 2393 virtute
214 2349 374 2409 comparant.
452 2338 470 2357 '¹
697 2362 704 2373 ·

102 2426 147 2481 25.
165 2428 252 2481 Huius
261 2427 412 2495 Hercyniae
422 2427 514 2492 silvae,
525 2446 593 2495 quae
602 2444 682 2495 supra
693 2427 870 2481 demonstrata
885 2428 933 2488 est,
945 2424 989 2476 la-

29 2499 119 2551 titudo
132 2514 227 2549 novem
240 2496 341 2549 diarum
359 2497 410 2549 iter
426 2498 544 2565 expedito
559 2505 644 2565 patet:
661 2514 712 2549 non
730 2497 801 2549 enim
822 2497 900 2549 alitor
916 2490 991 2545 liniri

30 2572 134 2635 potest,
152 2576 236 2633 usquc
248 2583 382 2619 mensuras
396 2565 518 2619 itinerum
530 2572 665 2633 noverunt.
700 2564 793 2618 Oritur
804 2567 838 2617 ab
850 2562 989 2615 Helvetio-

30 2655 95 2688 rum
115 2644 141 2689 cl
153 2636 292 2687 Nemetum
306 2644 332 2687 at
345 2638 527 2688 Rauracorum
539 2636 651 2701 linibus,
667 2642 790 2701 rectaque
804 2632 919 2685 fluminis
933 2632 989 2682 Da-

31 2705 110 2757 nubii
122 2704 232 2774 regiona
248 2706 359 2772 pertinet
377 2705 411 2757 ad
430 2706 492 2757 lines
509 2708 642 2759 Dacorum
659 2713 684 2757 ot
704 2702 859 2755 Anartium:
884 2700 947 2751 hino
961 2712 1013 2751 sa*

31 2774 117 2828 flectit
129 2774 307 2837 sinistrorsus,
324 2773 434 2825 «liversis
447 2775 480 2827 ab
493 2775 603 2826 flumine
613 2773 780 2842 regionibus,
796 2772 991 2836 multarumque
1030 2799 1032 2804 .

31 2844 155 2913 gentium
174 2844 238 2894 lines
252 2850 358 2909 propter
375 2843 585 2912 magnitudinem
603 2842 728 2911 adtingit:
754 2857 838 2907 neque
853 2838 991 2907 qnisquam

31 2922 73 2969 cst
85 2913 166 2965 huius
180 2912 353 2977 (iactantiae,
372 2912 417 2979 qui
431 2930 459 2964 so
470 2920 515 2964 aut
525 2905 655 2965 adisse'ad
667 2910 772 2964 initium
782 2908 838 2961 eius
849 2909 934 2959 silvae
948 2907 989 2957 cli·
1019 2921 1025 2933 ⁸

32 2990 92 3046 cat,
112 2998 195 3049 quum
208 2980 311 3033 dierum
327 2982 377 3035 iter
390 2982 437 3033 Lx
448 2982 618 3048 processerit,
636 2987 682 3032 aut
695 2997 747 3046 quo
761 2996 792 3030 ox
807 2981 866 3030 loco
879 2977 990 3040 oriatur,

32 3050 176 3118 acceperit.
199 3047 298 3103 Multa
310 3050 337 3103 i'n
350 3066 382 3105 oa
393 3068 492 3133 genera
510 3054 629 3103 terarum
641 3047 716 3100 nasci
737 3054 850 3111 constat,
868 3063 936 3114 qssac
947 3062 991 3096 ro·
1089 3050 1094 3060 ’

33 3120 115 3187 liquis
127 3120 155 3171 in
167 3119 233 3171 locis
248 3120 306 3172 risa
321 3138 371 3173 non
383 3127 449 3172 sint:
472 3138 504 3181 cs
517 3120 628 3187 quibus,
654 3134 722 3184 quac
733 3117 848 3169 maritae
867 3116 991 3167 differant

34 3192 68 3243 ab
82 3188 178 3242 cussis
190 3195 216 3241 et
230 3190 373 3242 memorias
387 3189 520 3257 prodenda
530 3190 682 3265 videantur,
698 3187 766 3239 haec
781 3195 849 3239 sunt.

104 3275 149 3329 26.
168 3278 217 3329 Est
230 3277 273 3327 bos
286 3277 471 3345 cauifiguca,
490 3277 562 3327 cuius
579 3293 597 3326 a
618 3274 706 3326 melu
720 3277 810 3340 fronte
822 3275 897 3339 xinter
915 3285 992 3323 aurat

35 3364 115 3399 unum
127 3364 208 3399 cornu
220 3347 332 3410 exsistit,
351 3346 472 3399 excelsius
485 3347 621 3414 magisque
635 3345 760 3395 directum
771 3344 825 3406 iris„
842 3358 909 3409 quae
921 3339 993 3391 uobis

37 3426 99 3469 nota
110 3422 186 3481 cunt,
204 3416 328 3468 coraibus.
364 3416 404 3467 Ab
415 3416 469 3469 eius
483 3431 597 3479 sommo,
613 3415 679 3467 sicut
688 3414 810 3480 pdmae,
831 3410 901 3463 moni
915 3419 994 3474 quam

734 3486 790 3542 ΗΞ
