2317 3809
88 228 91 235 “
173 230 236 297 114
443 239 656 313 ocaeano
673 238 889 321 ounalce

173 384 242 434 mu
251 378 366 433 civitatis
376 379 571 447 cognovissem,
588 380 738 433 nummo
751 380 875 440 Bibracte
890 380 926 433 sb
940 379 1037 454 Aeduis
1055 396 1133 431 me·

174 456 265 517 ptum,
283 450 352 516 qnod
366 458 404 501 est
419 449 544 515 oppidum
566 451 635 515 apud
653 467 698 501 eos
716 449 849 502 maximae
866 449 1042 512 auctoritatis,
1061 449 1133 500 Con-

174 519 354 571 tiotoiitsoem
373 518 555 585 magistratum
573 536 749 586 magnumque
768 528 871 587 partem
889 528 993 571 emetur
1013 519 1049 570 ed
1071 534 1132 569 eum

174 589 341 650 convenisse,
359 588 508 655 iegatosad
523 588 763 656 Vercingetorigem
777 589 888 654 de⁴pare
897 597 923 640 et
935 587 1055 640 amicitie
1069 604 1132 637 eon·

175 656 290 711 eiliauda
302 655 407 723 publice
419 656 524 709 missos:
541 674 592 708 non
613 658 872 724 praetermittendum
888 665 988 710 tentum
1010 674 1131 708 eommo-

177 727 241 777 dum
258 723 478 779 existimaverunt.
511 727 615 793 Itaque,
637 726 779 778 interiectis
799 727 946 779 Novioduni
968 726 1130 785 custodibus,

176 796 275 865 quique
295 813 326 847 eo
347 795 497 863 negotiandi
516 805 561 848 eut
575 795 677 847 itineris
689 813 782 847 mussa
794 802 974 858 eonsenerent,
992 793 1130 862 pecuniam

118 868 121 879 “
178 872 346 932 utqueequos
359 863 467 925 interce
480 864 656 930 partitionum
674 866 777 917 obsides
797 865 936 917 civitatum
954 864 1083 915 Bibracte
1098 862 1130 913 ed

178 934 364 1017 magistratum
380 930 726 997 deducendoscureremnt3
743 934 881 1001 oppidum,
899 935 968 999 quod
989 934 1024 984 ab
1041 949 1073 983 se
1094 938 1129 983 te·

177 1020 235 1055 neu
248 1001 298 1054 no'n
314 1018 390 1069 posse
403 1002 566 1067 intimasse,
583 1020 617 1054 ne
630 1003 674 1053 eui
688 1006 755 1054 esiet
767 1004 825 1054 usui
842 1002 983 1064 Rsnnenis,
1008 1000 1129 1052 incende

118 1096 122 1106 ,
177 1079 253 1135 nunt3
279 1071 403 1123 frumenti
421 1072 490 1137 qood
509 1072 597 1123 subito
616 1073 878 1139 potueruntneribm
894 1069 1129 1133 evexerunt,.reii-

177 1159 260 1208 quum
277 1140 387 1194 flumine
404 1148 481 1206 utque
500 1141 619 1193 incendio
635 1149 821 1209 conruperant,
831 1138 888 1207 'ipsi
902 1159 935 1192 er
949 1138 1079 1191 finitumis
1090 1154 1129 1188 re·

178 1210 300 1279 gionibus
314 1208 401 1277 copias
414 1226 525 1278 eogere,
542 1209 675 1277 praesidia
685 1211 865 1277 custodiasque
883 1211 917 1261 ed
936 1209 1007 1275 ripas
1028 1206 1129 1276 Ligeris

178 1280 316 1345 disponere
328 1278 523 1346 equitatumque
532 1279 653 1331 omnibns
668 1280 746 1344 iocis,
763 1280 897 1331 iniiciendi
914 1277 1015 1331 timoris
1028 1292 1127 1336 «atissa,

179 1354 309 1401 ostentare
333 1356 486 1413 coeperunt,
502 1348 525 1399 si
546 1350 580 1400 ab
601 1366 632 1400 re
651 1349 823 1401 frumentaria
840 1350 974 1401 &manos
993 1348 1128 1398 excindere

182 1418 239 1485 [eut
260 1418 383 1469 adductos
403 1416 491 1484 inopie
514 1434 546 1469 ex
566 1417 708 1471 Provincia
725 1420 872 1485 excludere]
895 1421 1006 1484 pmsent.
1043 1416 1127 1481 Quum

120 1510 124 1517 ·
181 1489 214 1539 ed
227 1504 299 1552 spem
315 1486 428 1537 muitum
444 1504 488 1537 eos
501 1487 658 1549 adiuvabat,
675 1489 744 1553 qnod
755 1487 836 1554 Liger
847 1503 880 1537 ex
890 1486 995 1538 nivibus
1003 1490 1136 1545 creverat,

180 1562 211 1609 ut
223 1556 328 1609 omnino
340 1556 408 1607 redo
421 1571 471 1607 aon
481 1572 557 1622 posse
571 1556 676 1607 transiri
690 1556 831 1608 videretur.

248 1655 293 1711 56.
310 1657 411 1723 Quibus
425 1658 502 1709 rebus
513 1658 633 1727 cognitis,
650 1660 747 1709 Caesar
758 1658 943 1711 maturandum
957 1655 1008 1709 sibi
1021 1652 1125 1715 censuit,

180 1727 203 1783 ti
220 1733 286 1779 esset
301 1726 328 1777 in
341 1726 504 1793 perficiendis
523 1728 646 1793 pontibus
664 1727 879 1794 periclitandum,
897 1735 926 1778 ut
944 1726 1033 1793 prins,
1053 1738 1127 1792 quam

180 1802 265 1849 essent
275 1796 387 1850 maiores
402 1813 433 1847 eo
449 1803 555 1847 coactae
569 1796 675 1861 copiae,
693 1796 837 1849 dimicaret.
871 1796 952 1857 Nam,
970 1801 999 1847 et
1013 1810 1126 1845 commo·

180 1872 236 1920 tuto
253 1865 362 1916 oonsilio
374 1863 461 1916 iterio
475 1864 644 1917 Provinciam
659 1873 835 1929 converteret,
852 1864 879 1916 id
899 1882 975 1916 acmo
994 1870 1058 1915 tuine
1076 1860 1126 1928 qui-

182 1936 242 1985 dem
252 1934 398 1985 necessario
412 1932 561 1985 faciundam
578 1933 755 1996 existimabat,
773 1952 854 2001 quum
866 1934 976 2003 infamia
993 1941 1075 1998 atque
1092 1931 1127 1980 in-

182 2004 297 2071 dignitas
310 2003 349 2054 rei
362 2010 387 2055 ct
403 2002 535 2070 oppositus
550 2021 624 2055 mons
639 2001 759 2059 Cevenna
772 2004 927 2070 viarumque
939 2002 1082 2053 difficultas
1092 2000 1126 2049 iu-

76 2092 78 2101 ·
181 2073 317 2141 mittebat,
335 2079 390 2123 tum
403 2072 532 2136 maxime,
549 2074 617 2141 quod
628 2073 750 2125 abiuncto
764 2074 879 2127 Labieno
899 2078 977 2137 etque
996 2070 1030 2121 iis
1046 2068 1126 2136 legio

142 2178 147 2187 ·
183 2140 275 2203 nibus,
292 2156 357 2207 ques
369 2157 419 2192 ιιιιιι
432 2141 555 2205 inieci-et,
572 2142 740 2194 vehementer
763 2141 878 2196 timebat.
911 2143 1014 2206 ltaque,
1040 2141 1125 2191 edmo-

183 2210 246 2260 tium
260 2208 365 2277 magnis
376 2210 475 2263 diurnis
491 2217 568 2278 etque
577 2210 707 2261 nocturnis
726 2209 862 2261 itineribus
885 2209 1023 2272 coniectis,
1042 2213 1135 2259 contro¹

183 2277 301 2331 omnium
312 2276 458 2344 opinionem
472 2280 505 2331 ad
515 2278 633 2347 Ligerim
643 2280 772 2344 ,tervonia
791 2280 909 2345 vadoque
920 2295 966 2344 per
979 2276 1082 2342 equites
1093 2275 1135 2334 in»,

182 2354 273 2417 uento,
291 2364 338 2413 pro
349 2346 386 2397 rei
402 2348 553 2400 necessitate
566 2349 724 2413 obportano,
741 2354 770 2400 at
786 2348 895 2399 brachia
905 2347 982 2399 modo
992 2353 1072 2428 utque
1082 2346 1124 2395 im·

183 2416 295 2471 moriad
307 2415 455 2468 sustinenda
471 2432 546 2467 araia
562 2416 639 2467 liberi
656 2419 689 2467 ab
708 2432 777 2484 aqua
795 2434 850 2468 esse
868 2420 983 2483 possent,
1006 2411 1124 2481 disposito

183 2486 314 2553 equitatu,
332 2484 376 2551 qai
388 2484 440 2535 rim
453 2484 567 2535 fluminis
577 2485 749 2554 refringeret,
766 2492 844 2552 atque
856 2484 974 2535 hostibus
986 2482 1072 2550 primo
1086 2480 1125 2532 ad·

141 2566 143 2571 '
173 2563 271 2623 ,spectu
283 2554 447 2621 perturbatis.
458 2552 618 2605 incolumem
631 2554 773 2607 exercitum
786 2553 944 2613 transduxit:
959 2552 1124 2604 frumentum·

163 2641 234 2692 ,qno
246 2622 275 2691 in
284 2624 356 2691 agris
372 2628 397 2674 et
410 2622 510 2690 pecoris
521 2622 625 2689 copiam
637 2631 743 2688 nauus,
759 2625 857 2691 repleto
871 2622 905 2674 iis
917 2622 994 2682 rebus
1008 2620 1123 2678 exercitu,

183 2692 233 2750 iter
250 2694 275 2745 in
289 2693 404 2745 Senonas
418 2692 505 2743 iacere
517 2690 637 2746 instituit
970 2699 974 2707 '

253 2796 296 2849 bi.
313 2791 384 2849 lium
393 2796 539 2863 haeeupud
554 2796 693 2847 Caum
708 2798 849 2863 geruntur,
869 2793 1001 2847 labienus
1017 2807 1052 2843 eu
1070 2790 1123 2843 mi·

184 2865 329 2931 plemento,
347 2864 511 2936 qund'nuper
522 2882 554 2916 ex
569 2863 648 2916 Iteiie
655 2871 774 2927 venerat,
790 2861 1022 2929 mtmtgetiet,
1039 2866 1071 2913 ut
1090 2876 1123 2909 es·

156 2941 159 2947 “
184 2938 223 2985 set
248 2933 428 2998 inpedimentis
448 2934 591 3001 praesidio,
621 2948 682 2985 eum
701 2941 814 2999 quatuor
833 2931 982 2997 temonibus
1000 2930 1122 2982 [naam

184 3000 365 3071 proficiscitur.
400 3004 430 3055 ld
443 3012 481 3057 est
493 3002 618 3069 oppidum
632 3002 801 3065 Parisiouun,
817 3000 931 3068 positum
944 2998 972 3049 in
983 2998 1071 3049 imoie
1082 2999 1122 3049 os·

156 3069 265 3143 stuinis
276 3070 419 3136 Sequente.
453 3072 533 3123 (iuius
553 3073 667 3125 educatu
686 3072 720 3124 ab
741 3070 860 3123 hostibus
879 3068 1001 3137 munito,
1017 3078 1122 3143 namt

151 3152 156 3165 ⁴
188 3156 229 3191 er·
247 3139 372 3193 finitumis
398 3140 550 3193 civitatibus
571 3140 664 3207 copiae
679 3147 861 3195 convenerunt.
900 3139 1012 3189 Sena
1027 3136 1122 3202 impert

172 3208 329 3261 transilitur
336 3210 519 3275 Camulogeno
532 3211 653 3271 intereo,
668 3209 729 3275 qni,
746 3225 827 3276 prope
842 3208 974 3273 coniectus
984 3212 1078 3268 aetate,
1089 3210 1122 3254 te

187 3292 247 3329 men
257 3277 533 3344 proptersinguierem
545 3277 729 3332 seientiemrei
749 3277 875 3329 militaris
892 3277 927 3329 ad
941 3291 1006 3327 eum
1024 3281 1064 3326 est
1080 3274 1133 3324 be*

185 3362 276 3397 uorem
291 3350 423 3396 evocatus.
455 3344 576 3418 loquum
590 3346 708 3399 animum
720 3346 886 3409 edrertitset„
902 3350 1055 3411 pometum
1073 3352 1121 3393 eat

185 3415 323 3482 paludem
340 3411 575 3481 qmcintiueretin
586 3413 1120 3484 Ssqmrsnutqueitiunounmloeuu
