2317 3809
296 204 697 288 treviorum-22,
952 224 1000 291 aa

44 371 90 425 sita
99 388 147 441 spe
159 368 350 435 contentionis,
366 370 480 430 dimissis
498 370 673 439 mpnornm
683 370 783 440 copiis,
797 371 909 427 mib'bns
918 372 999 427 etrel-

44 449 81 493 ter
91 448 208 508 quatuor
219 440 411 493 essedariorum
421 440 530 505 relictis,
539 441 738 493 itinera-nostra
747 445 879 507 sonabat,
891 446 998 511 paulln-

42 512 148 579 lumqne
160 528 194 563 ex
199 511 245 563 ria
258 512 406 573 exwdebat,
421 510 538 577 locisque
543 510 664 578 bepetitio
670 527 702 562 ac
712 510 875 564 siluestribus
884 529 941 563 sae
951 520 998 565 ou-

43 583 160 633 cultabat
170 588 251 646 atque
264 579 298 631 iis
307 580 468 647 regionibus,
480 580 573 646 quibus
583 597 631 632 nos
640 579 691 631 iter
700 581 818 632 tacturos
829 587 998 649 cognouerat,

42 666 136 715 pecora
152 656 234 715 atque
244 647 366 701 bmnines
377 666 408 700 ex
422 649 495 716 agris
505 650 533 701 in
546 649 628 701 silvas
640 650 831 716 compellebatz
847 658 889 713 et,
914 666 997 717 quum

42 720 171 784 equitatus
184 722 275 769 noster
288 718 545 785 liberinspraedantli
555 719 726 785 metendique
731 734 825 770 caussa
834 736 863 770 se
874 719 903 769 in
916 734 998 785 agree

42 788 203 851 effunderet,
219 787 338 839 omnibus
344 786 395 839 viis
402 787 469 839 notis
477 787 627 855 semitisque
634 788 781 839 modarius
790 804 822 838 ex
834 786 908 839 silvis
917 788 998 841 emit-

41 860 111 909 tebat
124 862 152 909 et
164 873 266 923 magno
283 874 344 908 cum
363 856 480 923 periculo
493 862 643 909 nostrorum
654 857 772 924 equitnm
784 856 890 908 cnmiis
904 856 998 909 count-
1073 862 1089 883 .=

41 928 129 994 gebat,
147 934 227 991 etque
238 926 291 977 hoc
302 931 374 978 metu
386 925 465 977 latins
475 926 569 993 vagari
576 927 744 1007 prohibebat
779 926 997 992 Relinquebatur,

42 1002 71 1049 ut
89 1012 176 1061 neque
196 994 304 1063 longius
322 997 357 1047 ab
369 995 476 1063 agmine
487 994 622 1062 lffiionum
638 996 736 1050 eimedi
750 996 849 1047 Caesar
862 1001 997 1062 pateretur

42 1070 67 1116 et
78 1070 183 1117 tantum
198 1063 228 1115 in
248 1064 320 1132 agris
339 1064 471 1115 vestiendis
487 1064 664 1130 incendiisque
678 1064 804 1117 sedendis
814 1064 938 1116 hostibus
946 1079 998 1115 no·

42 1141 162 1197 caretur,
193 1142 320 1199 qnantum
337 1134 429 1185 laboro
446 1139 525 1200 atque
543 1132 638 1187 itinere
659 1133 800 1201 legionarii
817 1134 915 1185 milites
934 1132 997 1185 elli·

42 1220 99 1255 oem
108 1208 280 1329 ἔέῗῐῗῐιὲξίω
291 1264 479 1347 Trinobantes,
493 1288 576 1339 prope
586 1270 740 1333 limaissima
750 1288 843 1325 eauun
855 1270 1000 1339 aginnum

41 1341 152 1404 nvibus,
162 1358 203 1393 ex.
212 1358 265 1407 qua
272 1341 472 1393 Mandubratius
483 1343 644 1405 adolescens,
659 1342 780 1393 Caesaris
790 1343 871 1393 fidem
883 1346 998 1403 secutus,
1026 1368 1029 1377 ·

40 1412 76 1463 etl
92 1428 154 1463 eum
163 1410 192 1461 in
208 1410 382 1463 continentem
393 1410 511 1462 Galliam
523 1417 639 1475 nemrot,
656 1411 744 1478 (euius
758 1411 997 1477 peter·[lmanueu·

40 1480 104 1547 tius]
117 1479 146 1531 in
157 1496 190 1532 ea
203 1479 310 1533 civitate
317 1496 429 1546 regum
442 1480 800 1546 obtinueratinterleetusque
811 1486 896 1531 erata
907 1476 999 1530 Cassi

29 1550 177 1615 ,rellaun03
193 1549 329 1615 ipse-luga
342 1553 455 1600 mortem
465 1548 613 1616 ulerunt)
623 1550 724 1617 legatos
736 1550 770 1599 ud
782 1550 922 1601 &amem
931 1546 997 1599 mib-
1081 1560 1086 1570 ·

40 1624 97 1670 tunt
109 1618 335 1685 pollicenturque,
352 1633 409 1669 sese
428 1618 461 1669 ei.
474 1618 606 1679 dedituros
626 1628 705 1685 utque
719 1618 849 1684 imperata
865 1618 996 1669 iaeturose
1060 1648 1063 1659 ·

39 1693 143 1755 petunt,
162 1694 193 1739 ut
207 1686 423 1739 Mandubratinm
432 1688 466 1738 ab
478 1686 772 1739 iniurincassivellauni
782 1688 904 1762 defendat
915 1691 996 1751 atque
1029 1732 1035 1753 ,

39 1757 67 1808 in
75 1755 211 1807 civitatem
222 1756 317 1819 mittat,
331 1756 376 1822 qui
392 1756 489 1822 praesit
498 1756 693 1826 imperiumque
704 1755 828 1807 obtinent
861 1755 913 1806 His
926 1754 996 1805 Gae-

40 1842 84 1875 sar
104 1823 220 1891 imporat
241 1824 349 1877 obsides
369 1826 421 1877 XL·
439 1824 792 1891 frumentumque-exercitui
812 1822 997 1875 Mandubroti·

40 1910 138 1960 umque
150 1896 186 1965 ad
199 1911 243 1945 eos
256 1892 343 1947 mittit.
377 1894 420 1945 llli
434 1894 564 1960 imperata
577 1894 696 1946 celeriter
709 1895 833 1958 iecerint,
845 1891 948 1943 obsides
959 1890 995 1943 ati

39 1980 180 2016 numerius
195 1964 375 2029 trumentuque
390 1964 523 2017 miserunt

107 2032 151 2084 21.
170 2032 377 2085 Trinobantibus
398 2032 509 2085 connis
526 2033 658 2099 atqueob
675 2030 747 2083 omni
766 2028 886 2082 rnilitum
897 2026 995 2080 iniuria

41 2102 195 2167 prohibitis,
214 2100 383 2170 Cenimagni,
407 2100 576 2169 Segontiaoi,
597 2100 741 2163 Ancalites,
764 2098 886 2162 Bibroci,
910 2096 995 2161 Cassi,
1016 2130 1019 2137 -

41 2170 217 2238 legationibus
230 2170 316 2223 missis
334 2188 395 2223 seso
403 2170 516 2223 Caesari
528 2172 646 2223 dedunt·
665 2172 707 2222 Ab
723 2169 767 2221 bis
780 2167 926 2237 cognoscit,
942 2184 995 2218 non

41 2240 119 2309 longe
127 2256 200 2293 aneo
208 2242 267 2293 loco
275 2240 399 2307 oppidum
405 2240 594 2293 Cassivellauni
607 2242 707 2303 abesse,
722 2239 796 2291 silvis
806 2238 996 2305 paludibusque

42 2310 187 2373 munitum,
210 2324 262 2375 qno
278 2309 342 2363 eatis
358 2326 470 2377 magnus
484 2308 628 2363 bominum⁴
634 2308 788 2378 pecorisque
798 2322 994 2360 numerus-oon-

42 2379 152 2432 renerit..
167 2378 316 2446 (Oppidum
326 2384 415 2435 autem
427 2378 667 2443 Britauniuocant.
682 2396 764 2444 quum
776 2375 855 2429 silvas
866 2374 996 2442 inpeditae
1039 2402 1047 2427 ι

42 2450 110 2500 uallo
131 2455 212 2515 atque
229 2450 301 2501 iossa
320 2448 483 2511 munierunt,
500 2466 552 2515 qno
565 2448 727 2500 incursionis
742 2447 860 2500 bostium
872 2444 996 2496 vitanda

43 2534 133 2569 caussa
150 2517 291 2569 convenire
310 2520 491 2585 consuerunt.)
509 2520 548 2569 Eo
565 2518 738 2585 proficiscitur
754 2534 816 2568 erun
830 2511 996 2581 legionibusa

43 2586 130 2638 locum
140 2586 240 2654 reperit
254 2586 363 2654 egregie
372 2590 466 2637 natura
479 2591 562 2652 atque·
572 2604 650 2652 opere
661 2587 806 2647 mnnitnm;
822 2591 912 2635 tomen
923 2581 994 2631 buno

44 2654 141 2707 duabus
153 2674 187 2709 cx
197 2656 315 2722 partibus
325 2656 478 2722 obpugnare
490 2656 628 2707 contendit.
660 2658 765 2718 Hostes,
780 2652 924 2719 paullisper
935 2665 995 2699 mo-

44 2725 99 2787 rati,
115 2724 234 2777 militum
245 2724 519 2790 nostroruminpetum·
528 2727 702 2777 non·tulen1nt
712 2721 881 2789 soseqnealia
892 2734 995 2785 expar-

44 2798 67 2842 te
78 2793 170 2861 oppidi
182 2793 320 2845 eiecerint.
340 2794 469 2860 Magnus
479 2794 517 2845 ibi
528 2810 652 2845 numerius
665 2793 766 2860 pecoris
774 2796 909 2857 repertus,
922 2787 994 2841 mul·

44 2860 111 2929 tique
125 2863 233 2930 injuga
245 2868 305 2914 sunt
314 2862 494 2929 comprehensi
504 2869 531 2915 at
549 2859 729 2915 ueinterioe'ti.

107 2931 151 2984 22.
166 2932 242 2983 »Ilum
253 2931 323 2983 baec
335 2931 362 2993 in
374 2930 417 2983 his
429 2931 495 2985 loeis
632 2930 864 2995 ,Cassivellaunus
878 2927 994 2981 adilan-

43 2999 114 3065 tium,
125 3002 198 3068 quod
208 3017 265 3053 esse
279 3000 729 3067 admaresuprademonstravimue,
742 2998 835 3064 quibus
841 2996 994 3066 regibnibue

44 3078 152 3135 quatuor
172 3087 248 3137 reges
261 3075 419 3137 ,praeeram
444 3070 612 3137 Cingetorix,
626 3068 772 3132 Carvilius,
790 3066 994 3134 Taximogulue,

44 3138 171 3207 Segonai,
177 3139 290 3194 nuncios
303 3138 384 3193 mittit
397 3144 474 3205 atque
492 3139 535 3191 his
549 3140 682 3205 imperat,
697 3138 746 3202 uti,
762 3138 860 3190 coactis
872 3134 995 3188 omnibns

45 3210 137 3275 copiis,
155 3216 245 3261 castra
262 3208 368 3261 navabo
383 3209 416 3261 de
430 3207 562 3275 inprouiso
579 3207 731 3259 adoriantur
744 3212 822 3273 atquo
834 3208 992 3273 obpugnant.

45 3276 66 3327 li
78 3296 137 3329 cnm
151 3278 186 3329 ad
201 3283 286 3329 costra
300 3278 437 3339 venissent,
456 3276 547 3339 nostri,
560 3276 696 3342 eruptione
708 3278 786 3340 laeta
798 3275 888 3328 multis
901 3288 995 3325 eorum

45 3344 192 3411 interiectis,
206 3354 282 3414 capto
296 3346 377 3399 etiam
388 3345 721 3413 nobilitlueebugotorige,
733 3346 995 3398 nrosincolnmesre-
1040 3396 1044 3408 Ι

46 3414 176 3471 munna
212 3416 437 3480 Cassivellaunus,
459 3415 511 3467 boo
530 3415 638 3481 proelio¹
646 3416 782 3477 nunciato,
797 3419 837 3465 tot
855 3410 996 3463 detrimen·
