2317 3809
54 269 62 276 ,
145 199 212 266 214
444 206 508 262 ,ΒΕ
523 206 659 265 antio
677 207 802 262 elvini

147 351 179 403 ut
189 363 270 414 quam
281 345 410 414 plmimoe
424 347 506 402 celles
518 363 597 413 mam
610 345 727 401 maximo
737 345 860 402 'circuita
876 353 1040 416 oemparets
1062 365 1122 402 ere-

147 417 248 484 braque
262 419 297 468 ob
310 434 371 470 eem
383 433 504 470 enrnsam
515 415 617 482 proclia
627 415 731 468 fiebant.
767 418 797 470 ln
808 416 851 470 his
863 435 944 484 quum
954 419 1034 487 legio
1050 420 1121 472 Cne-
1140 483 1141 486 Ἴ

147 486 215 540 raris
227 501 297 538 nona
307 485 468 552 praesidium
479 485 611 553 quoddam
623 485 802 554 occupavisset
814 493 840 540 et
852 487 955 540 munire
963 487 1119 554 coepissem

147 554 213 610 isaie
223 555 282 608 loeo
295 555 470 622 propinquum
483 561 510 606 et
521 554 684 606 eontrarium
698 555 794 608 collem
806 556 948 624 Pompeius
967 556 1119 623 occuparit

148 630 302 691 nostrosque
317 641 396 690 opere
410 624 551 690 probibere
561 622 661 690 coepit:
679 630 721 687 et,
739 641 820 689 quum
834 642 887 676 una
903 643 935 677 ex
949 632 1031 692 parte
1053 641 1118 692 pro-

149 703 183 761 pe
196 709 309 759 aequmu
322 692 424 746 aditrnn
436 694 560 754 liaberet,
576 693 693 758 prbrum
713 693 857 761 sagittariis
878 693 1117 760 funditoribusque
1140 727 1141 738 r

148 761 340 825 eircmniectis,
357 769 448 828 posteo
459 761 526 814 levis
534 767 689 814 armntruse
709 778 809 830 magna
826 762 994 815 multitudine
1019 763 1114 824 missa,

148 830 335 898 tormentisque
347 817 475 897 prelatis,
487 830 644 883 munitiones
662 830 825 897 inpediebats
849 849 932 898 neque
951 838 1011 884 erat
1032 831 1115 884 facile

149 899 253 963 nostris,
271 918 322 952 uun
334 907 451 965 tompore
462 916 629 967 propugnare
642 905 667 951 et
681 899 791 952 munire.
827 901 930 963 Caesar,
948 918 1035 970 quum
1051 917 1113 952 suus

149 985 182 1022 ex
200 969 321 1021 omnibus
334 969 452 1036 partibus
466 967 599 1020 vulnerari
613 967 726 1030 videret,
743 968 858 1034 recipere
871 987 900 1022 se
914 969 989 1022 iussit
1008 976 1037 1022 et
1052 971 1112 1021 loen

149 1038 281 1094 excedere.
314 1039 381 1090 Erat
393 1055 441 1105 per
448 1038 550 1090 declive
556 1043 691 1104 receptus:
709 1037 749 1090 illi
760 1038 909 1090 autem'hoe
923 1038 1014 1090 acrius
1028 1038 1112 1090 insta-

149 1108 227 1170 bant,
244 1124 327 1172 neque
342 1106 448 1176 regredi
468 1114 569 1160 nostros
592 1106 774 1174 patiebantur,
796 1108 866 1172 qnod
887 1107 983 1160 timore
1001 1105 1111 1160 adducti

146 1177 238 1229 locum
249 1176 395 1242 relinquere
408 1176 572 1228 videbantur.
608 1175 711 1228 Dicitur
725 1192 756 1227 eu
773 1181 889 1242 tempore
904 1174 1027 1244 glorians
1040 1175 1110 1244 apud

148 1261 210 1298 snos
221 1245 361 1312 Pompeius
374 1245 486 1308 dixisse,
503 1263 555 1297 aen
566 1261 686 1296 recusare
699 1262 740 1308 se,
758 1247 820 1313 quin
838 1247 933 1297 nrdiius
944 1263 1011 1298 usus
1023 1247 1109 1312 Impe-

149 1321 223 1366 rator
234 1315 440 1376 existimaretur,
455 1316 480 1365 si
490 1316 547 1366 sine
557 1314 669 1364 marimo
686 1313 838 1366 detrimento
856 1315 971 1383 legiones
984 1315 1108 1368 Caesaris

150 1398 206 1442 sese
217 1384 371 1449 recepissent
383 1384 451 1446 inde,
470 1401 519 1450 quo
530 1389 626 1434 temne
639 1390 723 1435 essent
733 1400 898 1452 progressae.

219 1450 262 1502 46.
281 1452 394 1514 Caesar,
411 1450 528 1516 receptui
546 1467 654 1504 suornm
673 1451 784 1516 timens,
802 1459 886 1504 cretes
907 1452 941 1504 sd
957 1456 1107 1506 extrernnm

149 1519 281 1586 tumulum
295 1526 384 1571 eontra
401 1520 505 1570 hortem
528 1519 641 1585 proferri
665 1525 691 1571 et
712 1522 835 1574 adversus
854 1521 953 1584 locuri3
972 1519 1108 1574 intrabas

150 1587 278 1670 mediocri
288 1587 425 1642 latitudine
440 1589 551 1651 iussam,
569 1589 643 1640 tectis
657 1589 793 1672 militibus,
811 1590 905 1642 obduci
914 1590 991 1642 iussit
1005 1592 1107 1642 locum-

150 1665 447 1790 itttlttnffit}
461 1660 1107 1794 tttttrtttitttltnst’tttlttt'ttttt

150 1794 202 1848 llis
214 1796 292 1848 rebus
307 1795 458 1863 eompletis,
481 1796 599 1864 legiones
612 1795 701 1848 reduci
714 1796 795 1850 iussit.
822 1795 984 1864 Pompeiani
996 1797 1054 1850 hoc
1068 1798 1105 1853 in·

150 1865 276 1921 solentius
289 1872 368 1932 atque
380 1863 506 1918 audacius
519 1863 622 1918 nostros
632 1865 887 1932 premereetinsmre
895 1865 1038 1934 coeperunt
1050 1883 1105 1920 cm-

150 1937 254 2001 tesque‚
270 1951 319 2002 pro
332 1934 477 1988 munitione
487 1934 617 1999 obiectas,
635 1931 820 2002 propuleirmt,
837 1941 867 1988 nt
879 1936 964 1987 fossas
972 1941 1105 1988 tramsm-
1143 1929 1144 1940 ¹

149 2003 248 2056 durem.
282 2005 361 2070 Quod
380 2021 460 2071 quum
481 2003 706 2056 aubnudvertisset
724 2005 838 2068 Caesar,
860 2004 975 2068 veritus,
998 2021 1033 2056 ne
1055 2021 1104 2056 non

149 2071 259 2134 reducti,
274 2073 321 2124 sed
334 2070 424 2124 reiecti
435 2073 593 2132 viderentur,
610 2073 747 2140 maiusque
761 2074 942 2126 detrimentum
958 2083 1102 2140 caperetur,

151 2154 170 2193 ι
180 2139 269 2192 medio
281 2141 338 2192 lore
348 2141 435 2207 spatio
444 2159 506 2195 euos
520 2159 568 2208 per
580 2141 730 2205 Antonium,
747 2142 793 2208 qni
812 2142 838 2194 ei
855 2141 955 2211 legioni
975 2148 1102 2208 praeerat,

148 2209 318 2273 cohortatus,
336 2211 401 2261 tuba
414 2209 520 2277 signum
533 2211 591 2264 duri
607 2217 685 2276 atque
700 2211 727 2262 in
742 2211 831 2262 hostes
845 2210 962 2278 inpetum
974 2211 1034 2262 lieri
1051 2211 1103 2263 ins-

149 2276 192 2330 sit
227 2277 326 2329 Milites
340 2278 452 2346 legionis
465 2295 549 2330 nouae
561 2279 649 2332 subito
663 2279 804 2346 conspirati
820 2279 875 2346 pila
890 2279 1055 2332 coniecerunt
1069 2285 1100 2344 et,

150 2361 184 2398 ex
195 2345 523 2401 interiore-locoudsersm
533 2348 633 2400 clivum
641 2347 743 2402 incitati
756 2366 842 2412 cumn,
860 2349 1011 2416 praecipites
1023 2350 1100 2400 Pom·

96 2455 103 2476 ,
148 2413 257 2482 peiunos
270 2424 382 2483 egerunt
395 2423 421 2468 et
433 2421 509 2484 terga
519 2423 623 2470 vertere
639 2423 795 2485 coegeruntr
813 2417 907 2485 quibus
926 2419 960 2471 ad
976 2417 1100 2485 reeipien-

149 2485 213 2568 dum
226 2491 311 2538 crates
319 2485 434 2538 directae
445 2485 613 2554 longuriique
624 2485 720 2539 obiecti
729 2495 755 2540 et
766 2487 898 2539 institutae
909 2487 993 2538 lassae
1005 2500 1100 2554 magno

149 2554 325 2621 mpedimento
339 2553 452 2607 inerunt
487 2556 575 2608 Nostri
587 2573 660 2619 vero,
676 2555 722 2623 qui
735 2555 798 2608 sutis
813 2557 944 2608 habebant
959 2555 1013 2607 sine
1022 2555 1100 2607 detri-

92 2646 95 2658 ·
149 2631 240 2676 mento
248 2622 390 2688 discedere,
407 2624 584 2692 cuurpluribus
595 2625 747 2690 interiectis,
760 2625 874 2692 quinque
884 2624 1099 2678 omninnsnorum

149 2693 268 2756 amissis,
286 2692 447 2760 quietissime
466 2710 496 2746 se
513 2701 681 2761 receperent,
697 2696 839 2762 paulisque
855 2693 923 2749 eitra
939 2711 999 2746 erun
1012 2695 1098 2747 lecum

149 2762 261 2824 morati,
278 2763 339 2815 aliis
357 2762 540 2829 conprehensis
552 2763 680 2827 collibus,
697 2763 854 2818 munitiones
863 2763 1031 2829 perieeenmt

219 2829 261 2882 st.
288 2833 356 2884 Erat
372 2848 441 2884 nova
455 2838 483 2884 et
495 2831 622 2884 inusimta
635 2833 698 2886 belli
718 2833 805 2894 ratio,
823 2849 905 2901 quum
925 2835 964 2884 tot
982 2831 1095 2884 castello·

149 2913 211 2949 rum
223 2916 347 2965 numero,
363 2907 487 2968 tantoque
497 2900 581 2968 spatio
596 2908 622 2955 et
635 2902 713 2954 tantis
728 2901 918 2954 munitionibus
939 2907 965 2953 et
983 2907 1035 2954 toto
1049 2903 1095 2952 ob-

148 2965 258 3020 sidionis
270 2986 381 3036 genem
399 2979 456 3022 tum
465 2970 547 3024 etiam
557 2971 666 3038 reliquis
678 2973 764 3024 rebus.
798 2971 881 3034 Nam,
898 2971 1048 3036 quicumque
1055 2971 1094 3021 el-

149 3039 235 3088 terum
241 3038 361 3090 obsidere
371 3039 457 3092 eonati
468 3049 536 3104 sunt,
553 3042 685 3108 perculsos
696 3047 775 3108 etque
785 3040 904 3092 infirmos
913 3039 1094 3104 bostesudorti,

149 3111 196 3158 aut
207 3107 307 3172 proelia
321 3117 472 3174 superatne,
489 3117 536 3162 aut
550 3110 640 3176 aliqua
654 3110 806 3162 obiensiene
819 3117 959 3176 permotos·
970 3109 1093 3160 continue·

148 3182 219 3238 suut,
236 3192 318 3242 quum
330 3176 381 3242 ipsi
390 3195 500 3233 numero
511 3178 628 3232 urilimm
640 3179 809 3246 equitumque
820 3184 994 3246 praestarent:
1009 3193 1095 3232 caussa

149 3249 238 3297 numm
260 3245 402 3297 obsidionis
424 3247 493 3298 baec
518 3249 574 3300 iere
594 3267 651 3302 esse
672 3247 823 3312 consuerit,
849 3255 880 3300 ut
898 3249 1023 3300 trumento
1046 3247 1093 3298 ho—

147 3320 200 3366 stes
213 3313 410 3381 prohibeantur.
449 3317 486 3368 Ar
504 3323 597 3370 contra
614 3311 732 3387 integrm
752 3323 831 3384 etque
853 3316 995 3371 incolumes
1011 3315 1093 3381 copias

148 3383 246 3438 (law
262 3383 388 3438 interiere
403 3382 523 3440 militnm
542 3403 652 3442 numero
672 3385 836 3450 continebam
860 3403 943 3454 quum
962 3384 1002 3439 illi
1014 3386 1092 3440 omni·
