2317 3809
56 294 58 301 ,
116 216 223 296 [222
432 180 435 184 *
461 219 666 281 crurum
683 217 819 290 eruunt

159 359 280 418 merul·
291 359 494 425 munitionibus,
511 359 663 416 defendente
675 363 762 426 nullo,
787 356 1000 416 mucosum
1014 353 1122 410 omnis·
1143 387 1144 422 q

160 451 212 502 que
225 437 313 485 nostor
325 431 455 497 equitatus
465 447 510 482 eas
522 431 643 490 cohortes
657 437 695 484 est
708 435 819 502 seucum.
1011 441 1019 449 “

196 562 198 566 v
230 498 544 565 (iillnterimPompeins,
559 501 611 552 hec
623 499 687 552 sutis
702 502 783 568 leuga
795 497 931 552 interiecta
943 509 1032 558 mors,
1051 497 1081 546 et
1091 510 1121 545 re

160 569 422 636 nunciatmquintum
437 567 576 635 legionem,
585 570 619 622 ab
632 586 711 636 opere
720 571 866 631 deductum,
875 563 991 618 srrbsidio
1002 561 1062 616 suis
1071 563 1121 614 du-

159 641 214 696 xit:
230 640 375 704 eodemque
387 644 504 703 tempore
515 637 644 703 equitatus
653 638 708 690 eius
722 637 815 690 nostris
829 634 959 703 equitibus
972 631 1120 699 adpropin-

161 710 269 777 quabet,
276 707 378 760 ctneies
389 707 514 758 instructa
525 706 652 771 oncsuis,
663 707 710 774 qui
722 713 807 761 cestra
818 705 1016 770 occupaverunt,
1025 717 1121 752 cerue-

160 781 238 834 usur
245 778 384 843 omniaque
395 775 547 828 suntsubito
557 781 670 828 mutata.
687 775 849 843 Pompeiane
856 773 925 827 enim
932 769 1014 838 logie,
1022 767 1120 822 celeris

160 865 207 915 spe
213 846 323 900 subsidii
330 845 492 907 confirmate,
500 845 535 896 ub
547 846 692 898 decumana
699 852 775 912 porta
787 844 907 898 resistere
916 840 1064 910 conabatur
1079 844 1119 890 at-

160 934 212 984 que
218 917 287 971 ultro
296 915 324 966 in
331 919 432 966 nostem
439 913 557 980 inpetum
568 914 689 968 faciebat.
707 913 844 981 Equitntus
851 909 1056 974 Caesaris,quod
1071 925 1118 960 au-

161 991 240 1055 gusto
254 984 346 1037 itinere
358 1000 405 1049 per
421 999 533 1052 aggeres
544 984 732 1046 adscendebat,
748 981 864 1050 receptui
881 997 928 1043 suo
939 977 1054 1042 timeus,
1068 976 1119 1028 iui-

164 1055 234 1109 tium
243 1055 324 1122 togae
333 1052 454 1105 iaciebat.
487 1054 615 1106 Dextrum
630 1069 719 1116 cornu,
731 1052 800 1118 quod
813 1057 870 1104 erut
883 1067 900 1101 a
910 1047 1016 1100 sinistro
1029 1046 1117 1098 seelu-

165 1142 241 1186 sum,
255 1128 355 1174 terrore
366 1121 484 1189 equitum
504 1121 700 1185 animadverso,
717 1138 750 1172 ue
764 1121 833 1172 intra
843 1117 1014 1170 munitionem
1026 1113 1118 1182 obpri-
1143 1161 1144 1176 ,

166 1198 295 1254 rueretur,
312 1209 344 1243 ex
357 1195 445 1258 parte,
463 1207 515 1256 que
528 1192 684 1257 proruebat,
701 1207 758 1244 sese
773 1189 934 1256 recipiebat,
950 1202 982 1236 ac
997 1184 1118 1251 plerique

55 1291 67 1313 x
167 1280 200 1316 er
209 1261 257 1326 iis,
275 1278 309 1312 ue
320 1259 349 1312 iu
361 1259 495 1327 angustias
504 1258 661 1323 inciderent,
678 1259 768 1324 decem
778 1259 873 1325 pedum
883 1252 1036 1308 munitionis
1050 1271 1080 1304 se
1091 1253 1117 1304 iu
1143 1255 1144 1308 i

165 1332 250 1385 fossos
260 1327 477 1397 praecipitabunt:
493 1328 636 1394 primisque
648 1328 786 1394 obpressis,
791 1325 886 1394 reliqui
896 1324 1048 1392 perborum
1060 1338 1117 1373 cor·
1143 1329 1144 1390 q

165 1415 232 1468 porc
240 1399 354 1451 saluum
364 1397 415 1448 sibi
427 1402 505 1462 utque
513 1397 611 1448 exitum
623 1397 767 1462 periebant.
800 1395 910 1450 Sinistra
920 1389 1116 1454 commilites,
1143 1399 1144 1468 q

168 1485 250 1535 quum
259 1484 291 1518 er
302 1467 373 1517 vallo
383 1464 538 1530 Pompeium
550 1466 640 1517 adesse
651 1471 676 1518 et
687 1483 747 1518 suos
759 1466 1012 1536 iugerercernereuh
1028 1459 1117 1523 veriti,
1143 1469 1144 1484 ³

167 1549 202 1589 ne
213 1533 340 1604 angustiis
352 1533 595 1597 intercluderentur,
612 1551 693 1600 quum
710 1541 783 1587 extre
799 1537 825 1588 ct
834 1534 903 1586 intus
916 1533 1021 1583 hostem
1034 1530 1117 1580 hebe-
1143 1541 1144 1590 l

167 1610 241 1669 rent,
258 1603 363 1665 eodem,
381 1620 432 1668 qno
444 1607 577 1666 venerant,
595 1610 699 1670 receptu
715 1604 765 1656 sibi
776 1603 958 1663 consulebant,
975 1597 1118 1664 omniaque
1143 1635 1144 1648 ,

168 1674 244 1726 erdut
264 1672 407 1736 turnultus,
427 1671 541 1735 timoris,
562 1673 644 1741 tuque
662 1674 754 1740 plene,
777 1673 842 1725 adeo
862 1677 906 1734 ut,
924 1685 1005 1736 quum
1020 1668 1118 1718 Caesar

168 1743 246 1811 signu
257 1740 413 1811 fugientium
426 1757 505 1793 mauu
518 1742 689 1808 prehenderet
702 1747 728 1794 et
742 1741 882 1794 consistere
894 1738 1003 1801 iuberet,
1016 1735 1066 1788 elii
1078 1736 1117 1786 di·
1143 1739 1144 1742 ’

170 1812 258 1866 missis
268 1810 341 1876 equis
355 1811 476 1862 eumdem
488 1827 594 1862 cursum
607 1811 769 1874 conticerent,
787 1811 834 1862 ulii
849 1827 881 1861 eu
895 1813 967 1860 metu
984 1804 1069 1859 etium
1082 1803 1116 1856 si·

170 1897 225 1953 gun
237 1880 405 1943 dimitterent,
422 1896 505 1946 neque
515 1880 651 1946 quisquam
663 1880 768 1932 omuino
779 1876 935 1931 consisteret.
1143 1885 1144 1934 ζ

236 1949 280 2002 to.
297 1948 349 2001 ldis
360 1946 439 2000 tentis
450 1950 528 2000 mulis
542 1950 609 2000 huec
621 1949 737 2001 subsidia
745 1949 946 2008 succurrebant,
963 1959 1016 2012 quo
1031 1943 1116 1995 miuus
1143 1937 1144 1994 ἶ

170 2018 255 2073 omnis
268 2019 399 2069 deleretur
410 2019 544 2081 exercitus,
556 2019 626 2084 quod
638 2017 777 2084 Pompeius
791 2017 898 2069 insidias
908 2013 1116 2079 timeus‚(credo,
1143 2025 1144 2076 ξ

170 2089 240 2156 qnod
249 2089 316 2139 hoec
329 2092 511 2153 pmeterspem
521 2086 669 2138 aeciderunt
683 2088 747 2150 eius,
760 2086 805 2153 qui
814 2087 903 2152 paullo
915 2088 1013 2136 uutecr
1026 2080 1116 2134 castris
1143 2111 1144 2116 =

169 2157 300 2226 fugientes
311 2172 371 2206 snos
382 2160 549 2222 conspexernt
554 2158 575 2224 ,)
583 2155 769 2209 munitionibus
775 2155 981 2223 adpropinquare
988 2151 1116 2218 aliquam

122 2220 128 2229 ’
172 2226 218 2278 diu
230 2241 283 2277 non
292 2224 413 2287 audebat,
426 2225 577 2290 equitesque
589 2225 654 2288 eius,
666 2224 782 2293 arguistis
792 2225 874 2292 portis
889 2231 968 2288 utque
976 2219 1019 2272 luis
1030 2221 1116 2272 ncne·

172 2293 238 2348 snrie
247 2291 375 2344 militibus
387 2293 534 2361 occupetis,
550 2293 584 2344 nd
596 2293 781 2362 insequendum
792 2295 968 2345 tundebantur.
1001 2290 1044 2341 lta
1057 2305 1116 2356 pnr-

171 2379 222 2415 vue
234 2379 276 2419 res
286 2377 412 2430 magnum
419 2362 446 2413 iu
459 2367 597 2428 utrumqne
605 2369 707 2428 purtem
714 2367 874 2427 momentum
884 2362 1040 2422 habuerunt.
1057 2358 1116 2408 lliu-

171 2430 283 2485 nitiones
292 2430 376 2493 e'uim,
396 2447 413 2482 a
424 2430 515 2482 caseis
527 2432 562 2482 ed
574 2429 828 2498 ilumeu'perduetse,
840 2427 994 2498 expugnetis
1007 2427 1061 2479 inm
1073 2441 1115 2477 ca-
1143 2457 1144 2488 3

171 2501 232 2556 stris
246 2499 380 2566 Pompeii,
395 2515 476 2566 prope
485 2500 541 2552 insu
554 2501 701 2566 expeditum
712 2500 830 2552 Caesaris
842 2498 981 2552 victoriam
994 2495 1114 2562 interpel-

105 2616 107 2620 ,
170 2572 327 2696 ,¹3th
334 2568 427 2689 essdem
446 2585 505 2633 res,
529 2570 661 2623 eeleritate
679 2568 869 2637 insequentium
886 2567 1002 2628 tardata,
1024 2561 1113 2618 noetdo

211 2645 283 2692 utem
328 2636 396 2690 tuit.
730 2648 735 2656 ·

239 2708 283 2760 tl.
300 2707 409 2760 Duobus
423 2705 466 2759 his
479 2705 557 2759 unius
568 2707 621 2759 diei
635 2707 845 2774 proeliisouesnr
854 2704 1010 2762 desideravit
1020 2704 1112 2758 milites

171 2776 329 2836 DGUGCLX
345 2780 372 2828 et
383 2781 459 2828 notos
471 2775 579 2842 Equites
590 2777 669 2830 Rom·
692 2778 857 2846 Felginatem
872 2775 1032 2828 Tuticanum
1052 2775 1111 2826 Gel-

172 2845 246 2909 lnru,
268 2845 401 2897 Senatoris
416 2844 517 2907 liliuru3
542 2845 571 2897 0.
592 2845 756 2916 Felgiuntem
773 2845 921 2908 Pluceutin3
938 2843 969 2895 Α
989 2843 1111 2896 Grsninm

171 2913 305 2977 Puteolis3
320 2915 359 2965 M.
365 2913 555 2967 Sacrativirum
568 2915 674 2984 anun3
691 2916 822 2968 Tribunos
832 2913 946 2966 militum
960 2917 987 2964 et
999 2911 1112 2966 Centuri-

172 2997 236 3034 ones
246 2983 353 3034 xxxii.
385 2983 438 3036 Sed
452 2985 549 3036 luorum
563 2985 680 3038 omnium
691 3001 754 3052 pars
769 3000 883 3054 magne,
900 2983 927 3036 in
941 2981 1018 3036 iussis
1031 2979 1111 3034 muni-

168 3050 490 3118 tionibusqueetfluminis
499 3053 564 3120 ripis
573 3055 697 3121 obpressa
706 3070 813 3109 snorum
826 3059 925 3106 terrore
937 3051 1048 3120 refuge,
1061 3049 1111 3102 sine

176 3120 231 3172 ulle
241 3120 460 3185 mueeuteriit,
468 3122 597 3190 signaque
605 3129 664 3176 sunt
675 3122 802 3176 militarie
811 3118 1020 3174 xxxuamisse
1037 3121 1111 3172 Pom-

176 3188 251 3256 peius
261 3205 294 3240 eo
308 3189 409 3254 proelio
427 3191 625 3258 imperator-est
640 3192 792 3258 adpellatus.
823 3192 887 3244 Hoc
901 3206 993 3242 nomen
1007 3187 1112 3242 obtinuit
1143 3251 1144 3260 ἵ

177 3263 256 3325 etque
267 3256 305 3310 itu
316 3274 346 3309 sc
358 3264 450 3324 postea
462 3261 573 3314 salutari
588 3278 678 3328 pessus
692 3265 746 3324 est3
762 3261 808 3314 sed
820 3259 847 3311 in
861 3257 962 3323 litteris,
974 3273 1038 3324 quus
1051 3255 1112 3310 scri-

115 3372 118 3378 .
177 3328 240 3378 bere
252 3332 292 3380 est
302 3325 403 3390 solitus,
418 3345 503 3394 neque
514 3329 543 3382 in
555 3330 670 3383 fascibus
686 3327 802 3397 iusignia
814 3329 922 3382 laurete
929 3325 1059 3394 praetulit.
1080 3325 1112 3378 At
1143 3349 1144 3352 ¹

175 3395 319 3460 mutam,
336 3411 418 3462 quum
428 3397 464 3450 au
476 3414 508 3452 ec
520 3397 716 3466 undenae,
732 3404 763 3455 ut
773 3397 827 3464 siut
843 3394 1112 3467 eqtvoemuuu-
