2317 3809
148 155 209 219 roo
405 164 468 222 *nu
489 164 633 222 annae
652 126 839 223 olomeo
871 138 877 147 '

145 303 409 425 frumentationesque
429 304 602 371 observabat,
623 305 817 374 dispenseque,
840 319 922 372 quum
936 307 1046 377 longius
1058 324 1113 361 ne-

146 373 259 425 cessario
275 392 354 441 proce
373 381 456 436 erent,
477 376 660 438 adoriebatur,
683 378 833 443 magnoque
853 371 1020 435 incommodo
1036 374 1113 428 adti-

126 476 129 485 ι
146 442 247 495 ciebat:
265 444 321 507 etsi,
336 450 460 509 quantum
468 444 570 496 ratione
582 443 714 511 provideri
727 448 839 510 poterat,
854 446 889 497 ab
900 446 997 497 nostris
1008 462 1113 498 oecur-

145 512 266 577 rebatur,
282 517 312 564 ut
324 507 428 565 incertis
443 512 603 581 temporibus
617 513 776 579 diversisque
790 512 926 566 itineribus
939 515 1033 566 iretm.
1076 517 1088 528 ”

215 582 258 635 lt.
277 582 375 633 Castris
390 582 423 634 od
438 599 497 634 eom
507 589 609 649 partem
624 582 713 649 oppidi
725 581 834 650 positis,
850 582 960 647 Caesar,
977 599 1049 651 qnae
1063 582 1113 635 in-

146 650 292 703 termissus
304 651 412 703 flumine
424 658 450 704 et
463 668 479 703 ιι
492 648 588 717 palude
606 651 720 716 aditum,
737 658 858 718 utsupra
871 652 998 717 diximus,
1015 669 1110 721 angu-

145 728 215 771 stum
231 720 363 782 habebat,
387 736 513 791 aggerem
536 721 677 788 adparere,
701 719 793 772 noers
811 736 907 789 agere,
931 727 1018 773 torres
1039 723 1111 775 duas

146 789 302 841 constituere
324 786 423 855 eoepit:
451 805 513 841 nam
531 789 732 841 circumvallare
750 788 803 842 loci
823 794 919 842 natura
933 790 1110 857 prohibebat.

146 858 187 910 Dc
203 874 232 910 re
253 857 425 910 frumentario
443 858 524 909 Boios
544 866 623 925 atquo
647 859 750 916 Aeduos
768 857 904 911 adhortari
921 876 973 911 non
991 860 1111 913 destitit:

146 942 258 993 quorum
277 926 368 991 alteri,
393 928 462 994 quod
473 928 546 979 orello
561 926 647 979 tudio
656 926 783 998 agebant,
799 922 976 980 non'multum
991 929 1112 981 adiura-

146 996 227 1059 bunt3
244 995 325 1051 ulteri-
335 1012 386 1047 non
398 994 502 1069 magnis
514 997 694 1062 facultatibus,
711 996 781 1067 qnod
793 996 885 1049 civitas
899 1003 955 1050 erat
966 997 1070 1065 exigua
1083 1004 1111 1050 et

146 1064 261 1129 inlirma,
275 1063 407 1130 celeriter,
430 1064 499 1132 quod
512 1066 674 1130 habuerunt,
691 1071 896 1118 consumserunt.
931 1066 1110 1119 Summadil·

147 1134 264 1186 iicnltute
280 1132 321 1185 rei
337 1134 524 1187 frumentariae
544 1136 646 1187 adiecto
667 1135 800 1198 exercitu,
824 1135 951 1187 tenuitate
962 1135 1111 1201 notorum,

148 1202 314 1271 indiligentia
334 1203 500 1267 Aeduorum,
526 1202 653 1255 incendiis
677 1203 870 1269 aedificiorum,
899 1221 1053 1270 nequeas,
1079 1209 1110 1257 nt

149 1274 295 1340 complures
319 1272 373 1325 dies
390 1272 488 1325 milites
503 1273 634 1325 frumento
653 1272 786 1324 emnerint
805 1278 844 1335 et,
861 1290 982 1339 pecoree
996 1272 1110 1343 longin-

148 1342 283 1411 quioribus
300 1340 365 1393 vicis
376 1340 483 1407 adacto,
500 1349 644 1395 extremum
663 1341 762 1393 famem
774 1347 959 1404 sustentarent,
975 1344 1055 1394 nulln
1070 1350 1109 1395 ta·

128 1406 132 1415 ’
148 1428 209 1463 rnen
227 1426 279 1463 vox
300 1416 339 1462 est
359 1408 393 1462 ab
406 1410 439 1463 iis
451 1410 553 1476 auditu,
570 1410 665 1480 Populi
679 1410 793 1462 Romani
806 1410 941 1462 maiestate
953 1412 1110 1477 etsnperio-

148 1480 221 1534 ribus
233 1478 351 1531 victoriis
361 1476 477 1549 indigna.
511 1477 675 1546 Quinetiam
688 1480 876 1545 Caesarqoum
887 1478 913 1530 in
923 1496 1004 1545 opere
1012 1480 1109 1549 singu-

148 1550 188 1602 las
201 1549 317 1619 legiones
329 1547 473 1617 adpellaret
484 1554 525 1612 et,
543 1549 566 1601 si
578 1546 697 1601 acerbius
709 1548 824 1614 inopiam
833 1548 944 1612 terrem,
961 1565 991 1599 se
1011 1550 1109 1602 dimis-

148 1636 239 1671 surum
252 1618 471 1687 obpugnationem
484 1618 595 1681 diceret,
612 1616 726 1670 universi
738 1618 772 1669 ab
788 1634 828 1681 eo,
845 1635 878 1669 ne
893 1619 921 1669 id
926 1622 1044 1683 faeeret,
1063 1637 1108 1685 pe-

148 1689 248 1740 tebant:
265 1689 301 1738 sie
315 1704 342 1739 se
355 1688 490 1755 compluris
509 1704 590 1738 annes
599 1687 644 1737 illo
659 1687 802 1753 imperante
811 1688 945 1749 meruisse,
962 1695 993 1738 ut
1004 1688 1109 1739 nullam

149 1758 320 1827 igrtominiam
341 1758 499 1825 acciperent,
522 1772 662 1823 numquam
672 1756 770 1821 insecta
783 1768 811 1805 re
822 1756 995 1807 discederent:
1014 1756 1066 1807 boc
1083 1774 1108 1809 sc

148 1826 308 1895 ignominiae
322 1826 419 1879 loturos
433 1826 499 1888 loeo,
517 1826 540 1876 si
555 1826 682 1891 inceptam
697 1824 913 1893 obpugnationem
927 1826 1108 1891 reliquissent:

147 1903 300 1963 praestare,
317 1912 402 1949 omnes
412 1899 530 1964 perferre
550 1894 720 1955 acerbitates,
738 1909 815 1961 quem
828 1910 880 1943 noa
895 1894 991 1943 civibus
1004 1894 1108 1945 Ποιησ-

149 1966 206 2028 uis,
223 1965 268 2032 qui
280 1964 380 2016 Geoabi
391 1965 503 2047 perfidie
520 1964 652 2015 Gallorum
664 1962 817 2025 interissem,
832 1968 1011 2028 percuterent.
1028 1962 1108 2015 Haec

149 2034 242 2085 eadem
251 2031 450 2085 Centurionrbus
462 2031 639 2101 Tribunisque
650 2030 766 2085 militum
775 2031 948 2095 mandabant,
963 2038 993 2082 ut
1004 2048 1056 2100 per
1063 2050 1107 2085 eos

149 2102 184 2155 nd
199 2102 517 2157 Caesaremtleiarrentur·
667 2121 670 2124 “
956 2140 961 2148 .
1035 2159 1038 2170 ¹
1135 2121 1136 2128 ¹

218 2168 260 2222 18.
285 2170 373 2235 Quum
391 2170 447 2225 inm
468 2188 545 2225 mmo
564 2174 649 2224 torres
668 2167 930 2237 adpropinquassent,
947 2168 1107 2235 excepticia

152 2238 250 2292 Caesar
266 2238 402 2307 cognovit,
427 2240 668 2311 Vercingetorigem
688 2245 823 2291 consumto
842 2238 939 2305 pabulo
949 2234 1034 2290 eastra
1047 2256 1107 2290 mo-

150 2310 220 2361 nisse
240 2309 346 2375 propius
360 2307 509 2375 Araricum,
526 2314 604 2377 atque
618 2309 703 2376 ipsum
717 2324 778 2361 eum
788 2306 905 2373 equitatu
919 2307 1107 2374 expeditisque,

150 2378 196 2447 qui
227 2377 295 2430 inter
318 2377 417 2444 equites
442 2378 567 2446 proeliari
583 2384 764 2441 consuessent,
784 2376 938 2428 insidiarum
957 2392 1050 2428 caussa
1075 2395 1106 2428 eo

149 2448 312 2515 proiectam,
335 2464 386 2515 quo
404 2453 505 2500 nostms
548 2453 618 2501 staro
632 2446 675 2499 die
689 2446 844 2514 pabulatum
856 2453 978 2497 venturos
990 2444 1106 2497 arbitra-

149 2524 230 2570 retur.
248 2516 350 2584 Qnibus
362 2514 441 2569 rebus
447 2516 566 2586 cognitis,
571 2517 658 2569 medin
665 2521 741 2567 nocte
746 2514 849 2567 silentio
859 2515 998 2581 proiectus,
1014 2515 1106 2566 adho-

149 2586 229 2637 stium
237 2592 404 2639 cnsuamane
414 2586 539 2655 persenit.
556 2586 609 2650 llli,
615 2583 735 2637 celeriter
744 2600 790 2651 per
804 2584 980 2651 exploratores
991 2584 1105 2635 adventu

151 2656 271 2707 Caesonis
290 2656 411 2725 cognito,
432 2672 524 2719 ¹carros
545 2654 771 2723 inpedimentaque
791 2669 839 2707 sata
859 2651 886 2703 in
901 2653 1011 2704 artiores
1024 2652 1104 2705 silvas

151 2724 320 2789 abdiderunt,
337 2722 426 2793 copias
438 2724 524 2777 omnis
538 2724 565 2777 in
580 2726 639 2778 loco
651 2723 720 2776 edito
734 2731 811 2789 atque
823 2726 913 2789 aperto
922 2722 1104 2775 instruxerunt.

152 2792 212 2911 dolon
228 2811 257 2845 re
277 2794 415 2860 nunciata,
432 2794 529 2849 Caesar
541 2793 660 2847 celeriter
671 2791 786 2846 sarcinae
796 2790 924 2855 eonlcrrl,
940 2806 1016 2844 arma
1028 2808 1104 2859 expe·

171 2860 203 2912 'ri
220 2861 302 2915 iussit.

221 2930 264 2981 19.
287 2932 368 2984 Collis
385 2934 455 2995 erat,
480 2932 574 2987 leniter
592 2932 627 2985 ab
642 2930 733 2983 infimo
747 2929 874 2984 adclinis:
890 2928 961 2979 hune
974 2925 1102 2980 ex'omni-

152 2998 202 3049 bas
216 2999 271 3049 lere
284 3001 400 3065 partibus
411 3002 487 3067 palus
502 3002 703 3074 dilliedisatque
717 3000 840 3066 inpedito¹
850 2998 981 3066 cingebat,
998 3015 1050 3049 non
1065 2997 1102 3047 la-

152 3067 204 3119 tior
217 3066 325 3135 pedibus
338 3070 368 3121 L.
401 3070 461 3123 lloe
472 3089 500 3125 se
515 3072 598 3136 eolla,
615 3068 765 3136 interruptis
774 3067 904 3135 pontssms,
922 3066 994 3118 Galli
1006 3064 1102 3118 lidueia

152 3134 205 3188 loci
222 3136 400 3201 continebant,
420 3140 618 3209 generatimque
631 3138 761 3191 distributi
775 3138 803 3190 in
817 3136 944 3202 civitates,
962 3136 1102 3186 omniura-

110 3226 114 3237 *
154 3207 187 3257 clo
204 3222 235 3257 nc
258 3206 338 3271 soltus
359 3207 414 3257 eius
432 3210 535 3273 paludis
556 3210 633 3261 certis
649 3207 772 3260 custodiis
787 3206 950 3267 obtinebant,
969 3204 1006 3255 sic
1017 3203 1102 3255 annno

152 3274 245 3343 pornti,
263 3280 301 3339 ut,
318 3274 341 3324 si
352 3290 409 3325 enm
422 3275 545 3341 paludem
554 3277 669 3331 Romani
684 3293 852 3344 perrumpere
862 3280 1025 3337 conarentur,
1041 3274 1102 3324 hae

153 3343 259 3398 citantes
270 3349 417 3413 premerent
431 3360 463 3397 ex
475 3346 531 3401 loco
547 3347 692 3415 superiore:
710 3353 740 3401 ut
743 3344 817 3415 ,qni
827 3343 1048 3415 propinquitatem
1053 3339 1102 3395 loci
