2317 3809
322 191 402 257 ore.
418 191 466 247 m
501 190 587 247 cer.
605 187 719 246 ιιι-ιιι.
941 180 1007 248 226

45 330 225 400 mmmm
241 285 722 400 *lesmtsviriltoisscegredous
735 332 780 392 ιιι,
798 325 1007 398 usqemein-

46 401 137 470 posita
148 399 291 452 dimicandi
301 399 450 462 uecessita's,
461 399 577 453 subitum
588 417 679 452 casum
690 397 808 465 expedito
819 398 934 452 exercitu
944 401 1007 452 sub-

46 472 106 523 iret
145 471 211 525 Hoc
223 469 295 521 idem
310 469 418 535 reliquis
433 470 497 522 lecit
511 469 612 522 diebus.
646 468 749 535 Quibus
763 468 842 518 rebus
860 469 1006 534 perfectum

46 547 101 604 est,
124 545 157 592 ut
169 538 306 590 altissimis
317 539 470 590 fluminibus
489 545 568 605 atque
587 536 783 606 inpeditissimis
797 536 933 588 itineribus
946 538 1007 596 nul-

46 611 106 660 lum
127 608 259 674 acciperet
280 608 484 660 incommodum.
507 607 649 675 Pompeius
667 605 753 670 enim,
771 605 851 672 primi
864 605 917 657 diei
930 621 1007 660 mom

47 679 153 740 mlata,
171 686 197 728 et
213 677 376 748 reliquorum
394 676 497 730 dierum
510 677 609 730 frustra
629 677 722 728 labere
734 681 867 742 suscepto,
887 691 1007 741 qunmse

47 744 156 816 magnis
165 745 304 805 itineribus
312 746 492 800 extenderetet
496 762 664 816 praegressos
674 745 914 812 consequicuperct,
927 759 1007 810 qnar-

48 825 75 870 to
92 816 140 868 die
153 813 233 866 finem
246 815 444 883 sequendiiecit
459 822 538 883 atque
552 815 626 870 aliud
634 814 686 869 sibi
697 813 837 866 consilium
852 811 1007 881 dapiendum

48 883 222 939 existimarit

119 953 165 1006 78.
172 951 289 1014 Caesari
300 950 335 1002 ad
344 951 448 1004 saucios
459 951 632 1019 deponendos,
643 950 800 1020 stipendium
811 949 936 1004 exercitui
942 952 1007 1004 dan-

49 1024 124 1085 dmn,
130 1021 580 1088 sociosconfirmandos‚praesidium
585 1023 693 1075 urbibus
698 1017 1008 1089 relinquendumnecess'e

49 1099 108 1144 erat
115 1089 371 1158 adiredpolloniam
380 1089 567 1144 Sedhisrebus
577 1097 679 1146 tantum
686 1091 811 1158 temporis
816 1091 917 1154 tribuit,
923 1107 1007 1158 quau-

49 1169 109 1214 tum
119 1169 177 1212 erat
184 1159 333 1226 properanti
342 1177 460 1212 necesse:
477 1160 623 1226 timensque
629 1159 756 1223 Domitio,
767 1178 800 1212 ne
807 1151 919 1212 adventu
926 1160 1007 1214 Pom-

50 1231 106 1297 peii
116 1234 368 1298 praeoccuparetur,
385 1229 420 1280 ad
440 1246 501 1282 eum
517 1229 590 1282 muni
604 1227 737 1282 eeleritate
750 1233 776 1281 ct
786 1225 871 1281 studio
883 1227 1007 1280 incitatus

50 1300 195 1352 ferebatur.
228 1297 322 1349 Totius
335 1302 423 1350 autem
438 1299 479 1350 rei
490 1298 629 1360 consilium
639 1297 837 1356 ternionibus
851 1297 1007 1365 explicabit,

51 1374 89 1433 ut,
101 1368 127 1420 si
134 1367 276 1434 Pompeiis
288 1367 380 1418 eodem
393 1369 566 1433 contenderet,
581 1369 724 1422 abductum
739 1367 839 1420 illuma
848 1367 916 1420 suari
928 1371 1007 1433 atque

52 1440 86 1491 ab
100 1436 136 1488 iis
150 1437 248 1504 copiis,
265 1452 330 1510 quas
342 1438 504 1504 Dyrrhachii
519 1443 725 1504 temperaverat,
742 1437 874 1490 frumento
888 1453 919 1490 ac
933 1453 1007 1488 com·

52 1511 144 1560 meatu
157 1507 327 1569 abstractum,
337 1505 399 1573 pari
407 1507 554 1559 conditione
565 1507 630 1560 belli
640 1524 729 1560 secum
741 1507 873 1559 decertare
887 1509 1006 1574 cogerem

52 1576 75 1628 si
85 1576 116 1627 in
128 1575 236 1628 ltaliam
247 1574 369 1627 transiret
373 1593 385 1638 ,·
400 1576 538 1629 coniuncto
551 1576 667 1630 exercitu
677 1594 738 1628 cum
753 1575 870 1628 Domitio
880 1591 928 1642 per
939 1575 1006 1642 llly-

52 1645 141 1697 ricum
151 1643 244 1696 ltaliae
256 1645 373 1696 subsidio
382 1645 604 1710 proficisceretur3
620 1644 661 1696 sin
673 1645 839 1715 Apolloniam
847 1645 1007 1711 Oricumque

54 1716 209 1782 obpugnare
217 1718 243 1764 et
252 1731 280 1764 se
293 1714 365 1765 omni
372 1714 514 1766 marituma
526 1731 574 1766 ora
581 1714 718 1766 excludere
731 1718 883 1776 concretum
900 1714 1006 1765 obsesso

53 1789 144 1836 tamen
158 1781 298 1849 Scipione,
323 1783 470 1834 necessario
492 1784 571 1835 illum
589 1782 643 1834 suis
663 1783 791 1836 auxilium
811 1783 881 1834 lerre
891 1785 1005 1848 cogeret

54 1854 163 1919 ltaque,
179 1850 330 1918 praemissis
342 1851 444 1904 nunciis
458 1852 492 1904 ad
506 1853 553 1904 Cu.
568 1851 728 1915 Domitium,
747 1853 843 1904 Caesm
855 1849 959 1918 scripsit
971 1853 1011 1912 et,

55 1920 117 1990 quid
126 1919 187 1972 fieri
199 1921 286 1984 vellet,
295 1921 418 1973 ostendit:
433 1920 615 1987 praesidioque
621 1919 775 1988 Apolloniae
782 1918 933 1976 cohortibus
941 1931 1006 1984 qua·

54 1999 132 2054 tuor,
149 1990 219 2042 Lissi
233 2003 301 2053 una‘,
319 1990 403 2042 tribus
422 1989 496 2041 Orici
509 1989 625 2054 relictis,
641 1989 738 2057 quique
752 1993 827 2040 erant
841 2003 873 2038 ex
889 1985 1007 2038 vulueri-

55 2062 103 2112 bus
119 2059 210 2128 aegri,
228 2058 367 2125 depositis,
384 2077 432 2125 per
444 2058 556 2126 Epirum
567 2063 646 2125 atque
657 2056 831 2112 Acarnaniam
849 2054 899 2112 iter
918 2055 1007 2107 lacere

55 2126 149 2250 iffi?
176 2127 657 2264 t⁰¹s¹ttlttt⁰ttatttttt
675 2123 1006 2250 ,tilmtlttttt

150 2237 159 2261 9
847 2233 854 2259 l

55 2267 105 2319 iter
116 2265 165 2318 illo
183 2267 308 2331 haberet,
325 2272 355 2318 ut
375 2266 521 2319 subsidium
538 2265 656 2333 Scipioni
668 2267 765 2330 terret5
782 2265 805 2316 si
820 2264 853 2317 ab
866 2279 914 2316 ora
924 2261 1008 2315 mari-
1114 2271 1126 2290 ⁰

56 2343 130 2388 tuma
145 2334 286 2402 Oriciaque
299 2335 431 2388 discedere
442 2337 539 2397 nollet,
557 2336 627 2402 quod
639 2335 755 2404 legiones
768 2333 963 2402 epiritatuurqae
974 2349 1007 2384 ex
1024 2373 1035 2398 ,

55 2404 134 2461 ltalia
141 2410 309 2472 exspectaret,
321 2405 377 2471 ipse
385 2411 416 2456 ut
428 2405 548 2457 omnibns
562 2404 644 2472 copiis
651 2404 798 2457 Domitium
810 2403 1006 2472 adgrederetur.

122 2471 168 2525 tt.
184 2474 220 2526 lis
235 2475 268 2525 de
278 2473 375 2526 caussis
386 2481 494 2541 uterque
508 2490 601 2526 eorum
614 2473 742 2528 celeritati
757 2473 894 2536 studebat,
912 2477 938 2523 et
953 2469 1007 2522 suis

57 2545 86 2594 ut
97 2548 163 2594 esset
174 2541 289 2606 auxilio,
306 2548 346 2607 et,
371 2543 406 2595 ad
423 2543 606 2610 obprimendos
621 2542 797 2606 advenerim,
820 2559 856 2594 ne
874 2537 1008 2592 occasioni

15 2633 19 2646 ι
58 2612 180 2678 temporis
191 2615 298 2664 deesset.
321 2611 374 2664 Sed
388 2613 528 2665 Caesarea
541 2611 680 2679 Apollonia
689 2629 706 2664 a
718 2609 915 2665 directoitiuere
930 2625 1007 2660 aver-

57 2686 139 2732 terat:
154 2682 294 2748 Pompeius
310 2699 357 2748 per
370 2681 532 2734 Candaviam
545 2679 597 2733 iter
611 2679 640 2734 iu
657 2680 839 2734 Macedoniam
857 2676 1007 2745 expeditum

57 2751 178 2803 habebat.
210 2750 327 2802 Accessit
337 2750 419 2802 etiam
429 2768 462 2801 ex
473 2750 608 2818 inproviso
624 2750 697 2802 aliud
708 2749 918 2810 incommodum,
936 2745 1007 2814 quod

57 2818 195 2884 Domitius,
212 2820 259 2886 qui
271 2819 326 2870 dics
338 2821 483 2886 complures
498 2819 591 2871 castris
601 2817 728 2885 Scipionis
742 2823 828 2870 castra
841 2816 945 2869 conlata
956 2816 1007 2868 lra-

56 2889 169 2952 buisset,
180 2889 225 2940 rei
235 2889 422 2941 frumentariae
432 2905 525 2940 caussa
539 2889 574 2940 ab
587 2899 618 2940 ω
633 2889 785 2940 discesserat
796 2890 822 2938 et
839 2886 1006 2951 nminem,

58 2957 124 3024 quae
138 2962 178 3008 est
187 2958 304 3009 subiecta
317 2957 475 3021 Candaviae,
491 2957 542 3018 iter
552 2958 669 3022 iecerat,
685 2961 715 3009 nt
725 2956 782 3023 ipsa
802 2954 909 3008 iortusia
928 2954 1006 3008 illum

57 3027 171 3078 obiicere
180 3027 307 3093 Pompeio
318 3027 459 3080 videretur.
491 3028 568 3079 Haec
584 3026 658 3079 adid
670 3031 776 3092 tempus
789 3024 885 3076 Caesar
897 3024 1007 3093 ignora-

56 3096 110 3147 bat
128 3095 226 3158 Simul,
239 3113 257 3146 a
266 3096 392 3164 Pompeio
404 3094 498 3161 litteris
510 3112 558 3161 per
572 3111 662 3146 omnes
676 3092 822 3161 provinciae
836 3093 1007 3160 ciuitatesque

57 3164 168 3216 dimissis
180 3164 212 3216 de
217 3165 319 3231 proelio
329 3163 566 3232 adllyrrhachium
577 3163 657 3226 laeto,
672 3163 751 3216 latius
762 3163 927 3230 inflatiusque
936 3163 1008 3214 mul-

15 3270 16 3273 *
58 3239 94 3299 te,
110 3251 190 3301 quam
201 3250 244 3285 res
257 3242 314 3286 erat
324 3241 409 3303 gesta,
424 3234 498 3284 lama
507 3234 701 3299 percrebuerat,
713 3235 817 3302 pulsem
824 3237 923 3303 sugere
939 3233 1007 3284 Cae-

58 3313 158 3368 sarem,
171 3319 258 3370 poene
269 3304 386 3356 omnibus
398 3303 477 3368 copiis
493 3301 609 3354 ommis:
626 3303 693 3354 haec
706 3301 800 3356 itinera
811 3303 907 3356 intesta
918 3299 1007 3354 reddi-

15 3396 16 3436 3
58 3373 140 3438 duat,
154 3371 223 3426 baec
237 3372 356 3428 civitates
366 3369 503 3426 nonnullas
517 3371 552 3436 ab
563 3369 621 3426 dus
633 3371 752 3428 eruicitia
766 3377 905 3428 avenant
939 3367 1007 3438 Qut-
