2317 3809
370 215 453 284 LlB.¹
467 229 555 284 CAP.
573 227 685 286 82-87,
863 173 867 182 ¹
939 225 1001 289 801

34 369 184 440 Scipionis
194 369 274 439 eopiis
289 369 424 438 presentis
435 368 585 438 passimque
595 373 650 422 toto
665 387 757 440 eampo
767 370 1002 442 tufflennbuscon-

34 441 142 497 testim
151 440 269 492 (laesuris
289 439 405 510 legiones
418 439 553 506 consequi,
570 439 735 508 spatiumque
746 459 774 492 se
785 459 835 493 nou
845 441 908 493 (lure
919 443 1002 496 eonii-

36 509 142 582 gendi.
176 510 228 575 Qui
243 515 379 577 postquem
394 509 426 559 nel
441 517 578 571 erecestre,
596 525 663 576 qnne
677 513 806 576 petebant,
822 512 999 579 perlegerunt,
1072 526 1075 535 ’

36 589 85 643 ut,
111 576 218 630 relectis
239 577 342 639 eastris,
361 593 450 628 rursus
461 594 516 628 sese
530 578 708 642 defenderent,
725 581 823 631 Ducem
836 580 950 648 aliquem
960 597 1002 631 re·

36 648 173 717 quirunt,
190 665 268 714 qnem
283 645 453 712 respicerent,
472 645 545 697 enine
556 647 709 699 anctoritate
720 648 881 716 imperioque
892 659 1006 718 remge'

37 723 148 771 rerent
183 715 235 782 Qui
252 714 652 782 postquamanimadverterim,
669 718 798 769 neminem
814 736 869 770 esse
878 718 915 770 ibi
925 737 1000 786 pree·
1068 752 1074 764 ι

39 786 136 861 εἰᾲὶο,
160 785 291 852 protinus,
315 783 395 835 ermis
413 783 534 846 abiectis,
551 783 577 835 in
593 785 681 854 Regin
694 794 780 838 enstrn
792 788 883 856 lugere
896 797 1000 839 comen-

40 857 127 908 dunt,
161 855 220 921 Quo
234 859 369 922 postquem
381 858 566 919 pervenerunt,
585 871 616 904 en
630 871 731 920 qnoque
746 857 779 920 nb
792 856 900 908 lulienis
919 855 1000 908 teneri

39 925 150 976 vident.
184 925 328 989 Desperntn
339 923 429 986 salute,
439 923 464 974 in
477 921 590 988 quodem
603 923 670 974 colle
681 924 821 978 consistunt
831 923 1002 994 nequeumt·

42 991 186 1055 demissis,
204 990 386 1043 salutationem
399 1007 473 1042 more
484 989 594 1042 militari
607 992 713 1045 iaciunt.
748 994 848 1059 Quibus
864 995 1003 1048 miserisea

42 1079 90 1114 res
105 1075 189 1128 perro
202 1060 330 1128 praesidio
344 1059 400 1112 luit
435 1059 553 1126 Namque
565 1059 662 1112 milites
680 1062 805 1126 veterani,
823 1061 863 1116 ira
876 1071 902 1117 et
913 1066 1003 1116 dolore

42 1130 161 1194 incensi,
185 1145 236 1182 non
251 1129 338 1191 ruodo,
353 1135 382 1180 ut
394 1135 529 1194 parcerent
540 1127 625 1192 hosti,
642 1147 693 1180 non
706 1139 823 1196 poterent
834 1133 940 1196 adduci,
958 1135 1003 1186 secl

44 1200 135 1252 etiem
146 1215 178 1250 ex
189 1215 236 1250 suo
249 1198 364 1250 exercitu
374 1197 492 1249 inlustres
498 1199 619 1280 urhunes,
627 1215 691 1265 qnos
698 1206 816 1252 nnetores
828 1203 1002 1269 repellebant,

46 1269 1003 1404 tttltttttlllt‘ttttnttJttltttlnztttttttttt

48 1403 183 1468 umilite,
206 1405 317 1458 interiit:
331 1405 393 1456 item
414 1403 555 1474 Pompeius
568 1406 669 1470 Rufus,
689 1408 828 1460 bruchium
841 1410 931 1477 glalio
944 1429 1003 1478 per-
1078 1457 1082 1462 .

48 1475 217 1612 gnsqquqisi
232 1475 352 1594 eeleqiter
363 1473 394 1594 qq
407 1475 543 1595 Cetesmlqm
559 1475 757 1596 “iffi-'25⁰⁸’
770 1477 918 1600 interteettus
927 1485 1002 1600 qsset.

75 1563 94 1596 ιι
160 1559 358 1610 eoeompnres
395 1560 436 1610 qm
450 1560 476 1594 es
523 1560 612 1594 omnm
659 1563 674 1595 n
719 1564 760 1596 res
778 1565 810 1598 ne
843 1567 872 1600 er
884 1567 955 1601 orris
971 1567 1003 1602 ex

46 1613 155 1682 proelio
169 1629 196 1664 se
205 1617 370 1680 receperunt,
388 1629 420 1664 ue
433 1627 449 1663 e
461 1611 599 1675 militibus,
617 1613 661 1678 qui
674 1629 706 1663 ex
720 1564 790 1665 lunia
802 1566 912 1669 nitoris
922 1619 1003 1671 lieen-

47 1683 118 1736 tiam
132 1681 183 1733 sibi
199 1682 382 1735 edsnmsissent
395 1679 555 1732 inmoderate
580 1681 719 1746 peccandi,
735 1681 885 1748 inpunitatis
899 1694 1005 1753 propter

48 1751 183 1804 maximus
200 1768 241 1804 res
263 1755 349 1818 gestas
367 1767 427 1816 spe,
451 1749 500 1816 ipsi
522 1765 625 1814 qnoque
638 1749 848 1805 interficerentur.
881 1753 1002 1822 ltnqneii

48 1837 143 1874 omnes
159 1819 202 1871 Sci
221 1820 286 1871 ionis
304 1818 414 1882 milites,
440 1835 520 1884 quum
534 1818 613 1868 lldem
625 1817 744 1868 (laeseris
759 1818 932 1887 inpleturum,
962 1823 1004 1874 iu-

48 1894 186 1958 speetente
206 1905 263 1956 ipso
286 1889 396 1940 Caesare
418 1892 443 1938 et
458 1903 475 1938 n
488 1885 618 1938 militibus
627 1885 793 1954 deprecante,
809 1887 847 1940 eis
862 1889 900 1942 uti
913 1907 1005 1958 perce·

48 1963 126 2024 rent,
143 1959 178 2010 ml
193 1973 273 2009 unum
287 1963 346 2008 sunt
356 1955 491 2008 interlecti.

122 2025 167 2078 86.
191 2027 287 2078 Caesar
307 2025 381 2077 trinis
400 2024 490 2076 eastris
507 2021 619 2091 potitus,
636 2021 779 2090 occisisque
789 2023 903 2084 bostium
915 2027 1004 2081 decem

50 2095 161 2148 milibus
174 2095 321 2164 iugulisque
334 2093 525 2160 compluribus,
543 2109 571 2144 se
584 2092 695 2158 recepit,
713 2093 901 2163 qninquaginta
912 2096 1004 2161 militi-

49 2167 102 2218 bns
123 2163 242 2226 emissis,
266 2163 355 2230 paucis
374 2161 482 2227 sonneiis,
505 2161 532 2212 iu
549 2169 633 2213 enstrn
651 2177 681 2213 ee
694 2161 780 2214 stetim
797 2181 829 2215 ex
840 2163 932 2217 itinere
945 2171 1014 2225 ente,

51 2233 181 2301 oppidum
195 2234 328 2299 'l'bepsnm
344 2231 472 2294 constitit,
491 2231 691 2298 elephantosque
705 2231 786 2282 mlv
800 2241 906 2285 ornatos
916 2251 1004 2287 urme-

52 2307 146 2370 tosque
161 2319 221 2353 eum
231 2301 346 2353 turribus
356 2299 563 2366 ornamentisque
575 2299 652 2366 capit,
667 2305 821 2365 mptosnnte
833 2294 954 2370 oppidum
963 2303 1004 2354 in-

51 2379 166 2425 structos
187 2370 334 2422 constitnit:
355 2369 383 2422 id
405 2371 457 2420 boe
473 2368 594 2432 consilio,
620 2369 642 2419 si
654 2375 739 2436 posset
751 2369 891 2436 iirgilins,
908 2372 1004 2440 quique

52 2459 115 2492 enm
129 2457 161 2491 eo
182 2439 380 2501 obsidebantur,
398 2438 436 2489 rei
451 2439 521 2488 mule
534 2443 623 2504 gestae
635 2453 742 2488 snorum
752 2437 847 2490 indicio
861 2457 879 2494 a
889 2442 1004 2506 pertine-

53 2509 95 2562 eia
111 2508 216 2560 detluci.
247 2507 409 2574 Deindeipse
420 2505 558 2576 Virgilium
572 2505 713 2572 nrlpellorit
726 2507 896 2575 invitavitque
916 2510 948 2561 ml
958 2510 1004 2560 ‹le-

54 2578 181 2631 tlitionem
192 2593 318 2644 ruentque
330 2577 461 2628 lenitatem
476 2585 501 2626 et
507 2575 672 2626 elementiam
681 2577 902 2629 commemoravit„
919 2579 1005 2643 Quem

53 2653 192 2716 postquem
214 2645 397 2698 animadvertit
416 2661 566 2712 responsum
584 2643 634 2696 sibi
652 2661 702 2696 non
714 2646 789 2707 dore,
807 2647 841 2698 nb
855 2646 948 2713 oppido
961 2665 1004 2706 ro-

54 2716 141 2768 eessit.
175 2716 282 2767 Postero
292 2714 349 2776 die,
367 2712 596 2776 nisteronem,
613 2713 735 2764 concione
750 2715 885 2777 advocatu,
902 2713 928 2766 in
943 2733 1004 2770 con·

12 2797 13 2800 ’
51 2791 145 2851 spectu
156 2783 344 2850 oppidanorum
353 2781 449 2835 milites
460 2783 611 2834 conlaudet:
628 2788 762 2847 totumque
777 2781 917 2834 exereitum
932 2790 1004 2838 vete-

53 2871 150 2906 renum
166 2853 285 2916 donavit,
309 2852 426 2920 praemia
441 2850 583 2904 fortissimo
600 2851 693 2918 cuique
711 2867 742 2911 ee
753 2850 820 2902 bene
837 2852 946 2904 merenti
956 2871 1004 2921 pro

54 2929 181 2992 suggestu
199 2921 301 2974 tribuite
327 2937 358 2972 ne
379 2921 466 2972 stetim
488 2920 547 2970 inde
564 2917 709 2988 digressus,
733 2919 829 2970 Rebilo
846 2919 1005 2976 Proconsule
1052 2978 1055 2985 ,

55 3009 117 3044 enm
135 2989 218 3044 tribus
236 2993 268 3042 ml
288 2989 423 3056 Thapsum
440 2988 587 3058 legionibus
599 2996 625 3039 et
641 2989 687 3039 (ln.
701 2987 889 3041 Domitiorum
904 2992 1005 3045 (limbus

54 3061 181 3121 bisdme,
197 3059 243 3111 nbi
253 3059 388 3112 Considius
401 3063 532 3124 praeerat,
551 3055 584 3108 ml
598 3055 766 3108 obsidendmn
775 3055 879 3120 relictis,
885 3059 921 3113 bl
933 3061 1005 3114 Mes-

54 3129 123 3182 salla
136 3127 239 3248 [iim
254 3135 314 3181 onte
327 3127 468 3194 praemisso
483 3143 543 3188 cum
557 3124 682 3192 equitatu,
689 3124 743 3192 ipse
755 3125 847 3182 eodem
857 3125 908 3181 iter
917 3130 1004 3184 lacere

56 3205 147 3250 conten
168 3197 194 3249 it.
400 3247 403 3257 ,

125 3265 168 3318 8³.
185 3265 291 3332 Equites
305 3261 410 3315 interim
421 3260 557 3330 Scipionis,
568 3259 613 3328 qni
625 3277 658 3313 ex
670 3260 770 3330 proelio
783 3261 913 3335 fugerent,
922 3284 1003 3335 quum

57 3335 162 3397 Utinm
182 3351 271 3386 versus
288 3333 339 3385 iter
357 3333 483 3393 iacerent,
507 3330 659 3397 perveniunt
679 3331 713 3384 nd
733 3333 856 3399 oppidum
876 3337 1002 3389 ramese,

57 3404 110 3458 Ubi
129 3403 263 3472 quum'ub
276 3401 368 3456 ineolis
377 3417 428 3454 non
442 3391 629 3469 reciperentui,
644 3399 704 3454 ideo
714 3402 783 3467 quod
794 3403 868 3456 teme
880 3405 913 3456 ‹le
922 3406 1005 3458 riete-

93 3498 211 3535 .enusmr.
325 3503 327 3510 ·
556 3520 559 3526 .
752 3480 798 3531 Co
862 3496 867 3500 ·
