2317 3809
351 201 482 258 man
516 199 709 260 earn-2
948 168 1024 262 181¹

39 345 94 396 eet
104 339 171 396 belli
182 339 290 400 tauns
298 339 430 411 pffla
453 340 626 411 Dideet'qne
635 340 732 396 uris
740 341 882 410 paullatim
889 343 1011 410 mih,

40 417 75 464 et
90 412 427 480 artifieiogubernatorom
442 412 1010 478 mobilitatiaariarnlocasdabatnret,si
1059 430 1069 454 κ

39 482 161 548 qnando
173 480 258 533 nostri
272 481 604 534 incultatunnactilerreis
616 481 851 535 mibminieetis
863 499 1009 538 aermn-

38 551 214 619 ligaverant,
230 549 345 617 undique
359 550 413 602 sais
426 551 605 612 laborantibus
617 551 811 604 murana
842 551 934 618 licque
944 569 1008 606 vero

40 619 189 672 coniuncti
197 619 299 672 Albicis
306 619 452 672 comminus
464 621 605 688 pugnando
615 619 784 682 deficiebant3
800 637 884 687 neque
893 622 1008 676 mabam

39 688 182 740 cedebant
194 688 292 740 virtute
302 689 413 742 metris:
430 689 511 740 simul
526 707 558 740 ex
573 689 718 742 minoribns
729 689 841 742 neubon
854 705 954 758 mgna
966 688 1008 744 ris

38 757 157 810 eminus
169 755 251 808 missa
262 758 377 812 telorum
386 758 471 810 malta
483 758 578 810 nostris
592 759 637 825 [de
653 757 797 828 inproviso]
810 757 1008 826 inprudentibus
1022 769 1040 780 ’

39 832 132 893 atque
139 825 262 892 inpeditis
272 827 384 879 vulnera
395 827 555 882 utneban:
572 827 786 894 conspicataeque
797 843 877 880 nares
885 828 1007 884 aima

39 897 121 947 duae
139 911 236 948 narem
254 897 288 947 l).
308 896 401 961 Bruti,
426 912 493 963 quae
509 913 541 948 ex
555 895 653 966 insigni
670 895 750 950 iacile
767 896 877 965 mosei
892 903 1006 964 potem,

39 964 157 1016 duabus
168 981 201 1016 ex
213 965 330 1031 partibus
338 982 395 1018 sese
405 965 434 1018 in
445 982 504 1018 eam
515 963 700 1018 incitaverant:
716 965 763 1018 sed
776 971 886 1030 mun.
901 984 933 1020 re
940 983 1004 1035 pre-

40 1032 127 1096 cisa,
143 1033 242 1086 Brutus
257 1033 391 1086 celeritate
404 1033 479 1088 naris
492 1033 579 1086 enisus
594 1042 649 1098 cst,
664 1041 693 1086 ut
705 1051 788 1102 perro
804 1041 937 1088 momento
954 1053 1004 1089 an-

40 1101 191 1154 tecederet
223 1103 290 1154 lllae
301 1103 368 1156 adeo
380 1103 498 1171 grariter
514 1103 583 1156 iuter
596 1122 625 1156 se
637 1103 761 1156 incitatae
771 1103 956 1168 wnilirertrnt,
972 1110 1004 1160 ut

39 1169 411 1238 vehementissimumque
419 1190 450 1224 ex
458 1173 753 1236 coneursulaborareat3
764 1174 918 1228 alteravero
923 1190 1003 1242 prae·

41 1241 137 1292 fracto
151 1247 236 1292 rostro
253 1247 309 1292 tota
319 1242 510 1294 conlabetieret.
544 1241 605 1307 Qua
614 1259 646 1294 re
658 1241 777 1294 animaru
790 1243 916 1306 ademta,
933 1260 1002 1310 quae

41 1308 188 1375 proximae
198 1309 223 1360 ei
230 1311 289 1361 loco
302 1327 334 1362 ex
346 1310 424 1362 Bruti
439 1311 521 1364 clame
533 1327 615 1364 naves
631 1319 714 1376 erant,
726 1311 756 1366 ia
767 1327 812 1365 eas
821 1310 949 1380 inpeditas
958 1312 1000 1366 in-

42 1383 143 1444 petum
156 1377 257 1430 facium
269 1378 440 1446 celeriterque
460 1381 551 1432 ambas
559 1381 715 1448 deprimunt.

119 1445 147 1499 i.
164 1446 217 1498 Sed
229 1447 387 1502 Nasidianae
395 1465 476 1501 nares
490 1451 564 1502 nullo
573 1450 633 1502 usai
648 1451 754 1502 innunt
764 1448 933 1518 celeriterque
947 1468 999 1518 pn-

43 1530 105 1584 gna
121 1524 299 1570 acesserunt:
315 1535 368 1569 non
388 1517 458 1576 enim
472 1518 522 1570 bas
543 1523 591 1572 ant
602 1525 753 1588 cormedus
763 1520 865 1588 patriam
875 1525 922 1574 aut
934 1537 998 1588 pro-

44 1584 209 1652 pinquorum
223 1593 361 1654 praecepta
376 1587 411 1638 ad
425 1592 570 1641 extremum
583 1588 654 1641 uitae
669 1588 817 1657 periculum
831 1589 905 1642 adiro
917 1607 998 1659 coge·

44 1653 120 1705 bant
154 1655 246 1721 ltaque
256 1673 289 1708 ex
300 1673 333 1710 eo
342 1673 451 1708 nurnero
459 1657 567 1710 navium
575 1657 651 1710 nulla
661 1657 806 1710 desiderata
816 1663 863 1720 est,
878 1675 910 1710 ex
922 1658 997 1712 bins-

44 1721 198 1776 silieusium
217 1725 300 1776 classe
319 1724 431 1792 quinque
451 1733 511 1779 suut
526 1727 675 1793 depressae,
696 1731 808 1793 quatuor
819 1730 927 1793 captae,
943 1743 997 1780 ana

46 1809 110 1844 cam
119 1792 269 1846 Nasidianis
282 1794 414 1863 profugit:
429 1811 498 1862 quae
513 1812 604 1848 omnes
621 1793 770 1848 citeriorem
783 1793 940 1860 Hispaniam
950 1813 996 1861 pe-

45 1860 181 1914 tiverunt:
198 1868 226 1916 at
241 1879 272 1914 er
284 1863 393 1930 reliquis
401 1880 455 1916 una
467 1863 612 1931 praemia-a
622 1863 785 1924 Massiliam,
808 1862 888 1917 baira
908 1863 998 1918 nundi

44 1929 198 1999 perferendi
211 1931 314 1999 gratia,
331 1950 414 1999 qnam
430 1932 485 1984 iam
503 1932 723 1998 adpropinquaret
741 1930 816 1995 urbi,
839 1930 923 1984 omnis
939 1950 996 1986 sese

44 1999 190 2052 multitudo
211 2001 246 2052 ad
267 2002 475 2068 cognoscendam
498 1999 591 2054 effudit
601 2017 648 2065 ae,
665 2018 696 2053 re
711 1997 832 2068 cognita,
850 2006 936 2052 tantm
951 2002 996 2054 ln-

45 2075 104 2121 ctus
116 2068 229 2135 excepit,
245 2071 345 2122 nturbs
354 2072 389 2123 ab
399 2070 518 2124 hostibus
532 2077 610 2137 capta
622 2070 714 2122 mem
726 2068 840 2137 vestigio
854 2068 994 2125 videretur.

43 2137 226 2190 Massilienses
239 2143 326 2192 tamen
336 2139 420 2194 nihilo
432 2138 537 2208 sequius
554 2139 590 2194 ad
602 2139 786 2205 ‚nemiuem
803 2138 877 2204 urbis
891 2139 996 2208 reliqna

44 2209 176 2276 adparere
189 2214 337 2274 coeperunt.
582 2254 586 2258 .
646 2255 650 2261 ,

115 2275 144 2328 8.
159 2276 207 2328 Est
218 2275 429 2340 animadversam
442 2277 477 2332 ab
490 2276 656 2361 legionariis,
671 2274 718 2345 qni
736 2275 869 2330 danuam
889 2280 993 2344 partem

44 2343 134 2412 operis
146 2345 379 2411 administrabant,
395 2365 428 2400 ex
441 2347 539 2400 crebris
554 2347 672 2400 hostiam
685 2346 877 2413 eruptionibus,
893 2361 992 2414 magno

44 2415 97 2468 sibi
109 2431 167 2467 esse
178 2415 308 2481 praesidio
325 2433 415 2484 posse,
436 2415 460 2468 si
473 2433 522 2486 pro
543 2417 648 2470 asello
667 2432 700 2470 ae
710 2416 880 2482 ,receptaculo
896 2414 992 2468 turrim

45 2500 79 2538 ex
94 2486 179 2538 latere
190 2486 238 2536 sub
252 2502 328 2537 muro
343 2484 480 2549 iecissent,
498 2502 577 2552 quom
590 2486 676 2554 primo
688 2484 722 2538 ad
741 2484 887 2552 repentinos
904 2483 992 2538 incnr-
1046 2504 1054 2529 ι’

46 2569 91 2606 aas
102 2553 235 2606 humilem
253 2571 413 2621 parvamque
427 2555 550 2607 fecerant.
583 2555 644 2607 Huc
656 2572 685 2608 se
696 2553 857 2608 referebant:
873 2551 951 2617 hinc,
967 2551 993 2605 si

45 2639 100 2689 qua
108 2622 196 2676 maior
209 2623 369 2689 obpresserat
380 2621 435 2685 vis,
451 2624 665 2692 propugnabant:
680 2621 743 2676 bine
760 2621 796 2674 ad
812 2621 992 2689 repelludam

46 2693 287 2758 etproseqnendnm
298 2693 402 2744 hostem
410 2693 607 2758 procurrebant.
629 2689 815 2749 Patebatlmoo
827 2706 992 2757 quoquover-

44 2776 89 2812 sus
96 2761 176 2828 pedes
183 2759 300 2828 triginta,
310 2761 356 2812 sed
368 2759 499 2828 parietum
510 2761 654 2814 crassitudo
666 2761 745 2828 pedes
758 2757 886 2826 quinques
901 2763 993 2826 postea

44 2845 124 2892 sero,
142 2834 173 2882 ut
194 2837 232 2882 est
250 2846 340 2882 rerum
353 2829 470 2882 omnium
484 2830 611 2900 magister
622 2847 699 2893 utus,
714 2826 853 2881 hominum
871 2827 991 2883 adbibita

44 2896 167 2962 solertia,
184 2897 318 2950 invemnm
328 2903 380 2963 est,
396 2917 440 2952 ma
462 2917 494 2952 no
507 2917 563 2952 esse
574 2899 634 2952 usui
648 2901 736 2966 posse,
755 2895 783 2948 st
792 2895 861 2950 baeo
876 2901 944 2952 essa
960 2897 989 2952 in

44 2965 213 3022 ebitudinem
226 2968 305 3020 turris
313 2969 390 3020 elata.
423 2916 461 3022 li
466 2970 518 3021 hae
531 2967 632 3022 ratione
642 2967 784 3034 perlectam
796 2971 843 3018 est.

114 3035 142 3089 9.
163 3037 214 3088 Ubi
223 3037 301 3090 turris
309 3037 419 3090 altitudo
425 3039 553 3106 perducto
565 3044 604 3091 est
615 3037 652 3088 ad
666 3035 915 3097 contabulationem
930 3048 990 3086 eam

45 3105 72 3159 in
76 3106 190 3175 parietis
196 3105 371 3158 insincerum
381 3107 429 3170 ito,
447 3112 477 3160 ut
487 3107 575 3174 capito
591 3105 723 3174 tignorum
734 3111 848 3156 extrema
859 3103 990 3172 parinum
1018 3139 1026 3154 ,

44 3183 178 3229 unctura
195 3180 359 3243 tegerentur,
374 3191 407 3226 ne
425 3175 487 3243 quid
509 3175 649 3236 coenaret,
662 3173 707 3225 ubi
726 3172 797 3242 iguis
816 3171 926 3227 boetium
939 3173 990 3224 od·
1052 3196 1064 3222 s

45 3237 215 3298 boeresctet.
249 3243 326 3294 Hono
339 3243 679 3314 imperomtigmdm,
695 3243 991 3312 quantumtcctamplu·

46 3315 84 3368 tei
100 3332 133 3366 ac
155 3314 291 3366 vinearum
310 3328 417 3380 possum
437 3320 490 3378 est,
513 3313 637 3366 laterculo
650 3311 847 3376 adamnano,
863 3324 992 3381 raptaque

46 3399 105 3438 euna
115 3385 199 3438 boun
212 3382 263 3436 duo
278 3381 357 3462 dgna
366 3389 515 3438 tranversa
522 3382 665 3439 inierant
676 3399 728 3436 non
737 3381 814 3452 ungo
828 3381 862 3435 ob
874 3377 997 3458 estroou'tx

87 3478 200 3518 canter.
355 3480 358 3493 ·
682 3459 787 3553 HQ
