2317 3809
153 11 169 45 0

155 190 197 255 90
421 199 475 253 ml
492 198 636 253 annno
654 194 840 253 GALLICO

154 356 215 393 nem
224 340 300 392 xlm
308 324 427 405 reliquit,
444 354 524 389 unam
538 356 569 389 ex
580 338 617 389 iis
632 338 724 401 tribus,
742 352 806 405 quos
822 311 942 405 proxime
952 326 1132 406 conscriptas

155 428 187 461 ex
202 410 279 464 ltalia
298 410 485 459 transduxerat.
519 408 553 460 ui
563 408 663 476 legioni
675 408 817 474 castrisque
827 409 861 474 Q.
876 408 996 459 Tullium
1008 410 1132 461 (beero-

121 549 128 561 ’
154 496 215 531 netu
223 478 348 599 pameticit
361 478 533 543 ducentosque
546 478 646 543 equites
662 478 790 529 attribuit.

282 546 383 598 Partito
401 546 524 610 exercitu,
544 546 577 597 T.
594 547 737 598 Labienum
748 564 808 597 eum
821 546 969 613 legionibu
981 546 1077 598 tribus
1092 549 1132 599 ad

156 615 291 669 Oceanum
302 632 392 667 versuo
406 616 432 667 in
447 622 593 683 carpones,
601 632 669 681 qnae
679 617 814 683 Menapios
827 616 974 686 adtingunt,
980 616 1130 682 proticisci

110 700 116 741 i
154 686 243 752 iubet:
261 686 289 736 G.
300 684 461 737 Trebonium
475 702 535 737 cum
547 685 608 751 'peri
628 685 762 753 legionum
778 702 887 738 numeru
903 687 935 737 od
952 702 1012 736 eum
1024 688 1131 755 regio·

137 754 558 829 fnem,qnaedduatucdqadiacet,
576 756 784 821 depopulandam
795 754 888 807 mittit:
906 755 962 821 ipse
973 772 1039 816 eum
1055 758 1131 807 reli-

156 825 215 891 quis
225 824 308 876 tribus
323 826 356 875 ad
364 824 460 875 flumen
468 823 672 889 Scaldern,qnod
681 824 767 874 influit
774 823 801 875 in
815 822 1130 895 Mosam‚ertrema3sque

155 894 310 948 Arduennae
324 894 404 959 partie
419 894 459 944 ire
474 892 624 953 constituit,
641 908 766 958 quocum
782 893 872 959 paucis
882 893 1012 960 equitibus
1025 896 1130 960 prole-

156 969 227 1015 ctnm
239 962 419 1029 Ambiorigem
433 962 563 1013 audiebat.
599 962 752 1024 Discedens,
769 966 828 1027 post
843 962 911 1013 diem
924 962 1073 1028 septimum
1083 983 1130 1014 se-

155 1050 184 1085 se
202 1045 381 1094 reversurum,
399 1031 550 1083 conlirmat:
577 1046 657 1097 quam
674 1032 707 1081 ad
729 1032 798 1082 diem
820 1031 844 1083 ci
864 1032 977 1100 legioni,
995 1034 1129 1097 quaein

155 1100 286 1169 praesidio
309 1100 518 1166 relinquebatur,
542 1101 702 1162 trumentum
725 1100 815 1151 deberi
828 1101 938 1152 sciebat.⁴
967 1101 1129 1153 labienum

156 1168 370 1235 Treboniumque
392 1170 528 1233 hortatur,
546 1168 567 1219 si
584 1170 744 1235 reipublicae
757 1172 894 1221 commodo
909 1172 994 1221 lacere
1006 1173 1128 1235 possint,

157 1240 191 1290 ad
207 1255 266 1289 eam
281 1239 349 1307 diem
364 1246 543 1302 revertantnr3
559 1246 598 1302 ut,
616 1256 707 1289 rursus
722 1239 911 1290 communicato
926 1238 1056 1303 consilio,
1077 1260 1128 1292 ex-

156 1308 316 1375 ploratisque
332 1308 447 1359 hostium
459 1308 612 1371 rationibus,
619 1308 692 1359 aliud
705 1309 768 1359 belli
781 1309 885 1359 initium
897 1325 990 1375 rapere
1001 1318 1127 1374 possent

226 1376 278 1428 el:
295 1378 376 1440 urat,
401 1383 529 1443 utsupra
551 1378 800 1441 demonstravimus,
824 1376 918 1429 mentiri
941 1384 1013 1429 certa
1031 1381 1127 1441 nulla,

157 1462 210 1499 non
231 1445 369 1512 oppidum,
392 1462 443 1495 non
463 1446 635 1512 praesidinm,
658 1448 725 1513 quod
748 1464 776 1497 se
792 1448 875 1506 armis¹
889 1446 1055 1510 detenderet3
1076 1450 1127 1499 sed

158 1514 243 1567 curnis
256 1515 282 1566 in
293 1516 374 1581 partis
386 1516 502 1581 dispersa
514 1516 662 1567 multitudo.
697 1516 751 1566 Ubi
765 1516 860 1582 eoique
870 1521 915 1567 aut
927 1516 1010 1567 vallis
1016 1516 1137 1581 abdita,

158 1590 204 1637 alit
222 1586 295 1635 locris
309 1584 452 1647 silvestris,
469 1592 515 1636 arrt
531 1586 607 1651 palus
621 1584 753 1651 inpedita,
780 1602 853 1650 spem
869 1584 992 1650 praesidii
1010 1594 1062 1637 ant
1079 1604 1128 1637 sa-

157 1653 221 1706 lutis
243 1654 360 1719 aliquam
380 1654 532 1719 obterebat,
557 1655 733 1705 consederant.
772 1654 847 1705 ilaec
864 1653 1127 1706 lora-vicinitatibus

158 1728 233 1775 erant
245 1730 321 1786 nota,
339 1726 515 1792 magnamque
525 1737 566 1773 res
583 1723 747 1790 diligentiam
760 1723 924 1789 requirebat,
942 1740 993 1773 non
1005 1723 1033 1773 in
1043 1742 1126 1775 suru-

158 1808 204 1848 ma
214 1794 340 1843 exercitus
353 1794 461 1856 tuenda,
476 1793 592 1858 (nullum
605 1794 675 1843 enim
684 1799 786 1858 poterat
799 1791 925 1843 universis
939 1789 973 1842 ab
989 1795 1126 1857 perterri-

157 1862 193 1915 tis
202 1878 233 1913 ac
248 1862 368 1930 dispersis
382 1863 524 1929 periculum
541 1860 671 1928 accidere)
685 1862 730 1911 sed
744 1860 769 1911 in
783 1861 893 1929 singulis
906 1861 1037 1912 militibus
1056 1881 1126 1913 con-

158 1932 307 1994 servandis3
325 1948 392 1998 quac
407 1939 492 1987 tamen
505 1948 536 1982 ex
552 1938 627 1999 parte
637 1948 679 1981 res
689 1932 723 1981 ad
736 1932 846 1981 salntem
859 1930 988 1981 exercitus
999 1932 1125 1997 pertine·

158 2002 212 2053 oet.
247 2002 314 2055 Nam
326 2008 352 2052 et
366 2003 478 2068 praedae
490 2000 618 2067 cupiditas
627 2000 724 2051 multos
739 2000 845 2067 longius
858 2001 983 2051 evocabat
994 2005 1020 2051 c't
1029 2002 1125 2052 silvae

158 2069 265 2122 incertis
292 2072 451 2137 occultisque
470 2070 606 2121 itineribus
623 2070 750 2120 confertos
772 2070 846 2120 adire
868 2069 1051 2136 prohibebant.
1091 2071 1124 2122 si

158 2139 294 2207 negotium
309 2140 400 2190 conlici
416 2138 574 2205 stirpemque
585 2139 725 2190 hominnm·
737 2140 921 2189 sceleratorum
933 2138 1045 2189 inter-tici
1061 2141 1124 2191 vel-

160 2208 225 2268 let,‘
244 2208 412 2259 dimittendae
434 2210 522 2275 plnres
542 2224 635 2259 manus
654 2208 842 2273 diducendique
865 2212 939 2258 emnt
957 2207 1073 2260 milites:
1098 2208 1124 2260 si

160 2276 292 2329 continere
299 2277 332 2327 ad
343 2276 571 2345 signamanipulos
579 2278 668 2339 vellet,
680 2283 709 2327 nt
716 2276 834 2327 instituto
844 2276 913 2339 ratio
923 2277 1123 2330 et'censnetndo

161 2344 288 2398 exercitus
297 2346 410 2397 Romani
419 2348 573 2411 postulabat,
583 2348 657 2397 locus
670 2346 725 2413 ipse
732 2346 789 2397 crat
796 2346 925 2411 praesidio
932 2343 1062 2405 barbaris,
1072 2366 1123 2400 ae-

84 2466 92 2479 ,
160 2432 211 2483 que
223 2432 254 2465 ex
267 2417 369 2467 occulto
384 2416 522 2467 insidiandi
534 2424 560 2467 et
571 2416 700 2481 dispersos
710 2415 927 2477 circirdrreniendi
942 2415 1058 2483 singulis
1073 2418 1124 2468 de-

161 2489 218 2537 erat
240 2483 358 2537 audacia.
397 2484 430 2537 At
450 2485 477 2536 in
490 2484 617 2537 eiusmodi
630 2485 846 2548 difficultatibus,
864 2490 989 2551 quantum
1000 2484 1123 2552 diligen-

160 2554 199 2607 tia
214 2553 345 2621 provideri
359 2558 474 2619 poterat,
493 2554 693 2620 providebatnr3
709 2560 739 2605 nt
750 2554 836 2620 potino
848 2553 1001 2604 innocendo
1012 2554 1123 2621 aliquid

161 2622 339 2686 omitteretur,
356 2623 407 2674 etsi
418 2622 534 2675 omnium
548 2623 630 2675 animi
642 2624 675 2674 od
686 2621 862 2674 ulciscendum
877 2622 1018 2685 ardebant,
1034 2638 1123 2689 qnam

162 2710 222 2744 cum
240 2694 328 2759 aliquo
354 2690 468 2745 miiitum
485 2692 639 2745 detrimento
651 2697 795 2753 noceretur.
829 2693 926 2743 Caesar
936 2692 970 2742 ad
981 2690 1122 2744 finitumos

163 2762 281 2816 civitatee
301 2762 407 2814 nuncios
427 2762 548 2826 dimittit,
570 2764 710 2813 omnes'ad
729 2780 757 2813 sc
774 2767 866 2812 enauit
882 2778 927 2827 spe
936 2761 1067 2827 praedae,
1086 2764 1121 2813 ad

162 2830 320 2895 diripiendos
338 2832 486 2893 Eburones,
511 2837 540 2883 ut
560 2832 646 2897 potius
660 2830 687 2881 in
706 2830 780 2881 silvis
794 2832 932 2888 Gallomm
946 2829 1017 2894 ote,
1034 2846 1121 2897 quam

161 2898 321 2967 legionarius
334 2900 418 2965 miles,
435 2900 611 2967 periclitetur3
628 2899 707 2953 droul
718 2905 756 2964 ut,
773 2916 872 2968 magna
886 2898 1054 2951 multitudine
1065 2902 1121 2952 cir-

145 2969 298 3033 *cumiusm
322 2987 370 3035 pro
393 2972 442 3022 tuli
458 2971 588 3033 facinore,
609 2970 687 3035 stirps
708 2985 740 3020 ec
756 2986 849 3021 nemen
870 2967 984 3021 civitatis
996 2969 1119 3021 tollatur.

163 3038 277 3107 Magnus
291 3040 405 3105 undique
418 3056 539 3091 numems
554 3039 675 3091 celeriter
684 3038 811 3091 convenit.

232 3104 275 3157 35.
292 3108 366 3159 Haec
386 3108 412 3159 in
431 3108 549 3160 omnibus
559 3110 713 3159 Eburonum
723 3108 844 3173 partibas
855 3108 1030 3177 gerebantur,
1045 3106 1120 3159 dies-

162 3191 214 3243 qne
233 3174 370 3241 adpetebat
387 3179 522 3243 septimus,
547 3191 624 3244 quem
645 3178 678 3229 od
700 3177 769 3228 diem
784 3177 881 3229 Gaesm
892 3177 926 3227 ad
939 3175 1119 3239 inpedimenta
1143 3195 1144 3202 ¹

161 3244 344 3312 legionemque
354 3246 450 3299 reverti
463 3247 638 3299 constituerat,
671 3246 732 3310 llic,
747 3253 872 3312 quantum
889 3246 916 3297 in
925 3246 994 3296 bello
1009 3247 1120 3296 tortum

161 3312 243 3379 possit
268 3318 294 3363 ct
310 3321 418 3378 quantos
436 3316 538 3367 adierat
554 3332 643 3378 casus,
667 3315 790 3383 mgnosei
806 3315 898 3382 potuit.
931 3311 1072 3379 Dissipatis
1087 3332 1119 3366 ac

160 3380 304 3449 perterritis
315 3379 450 3447 hostibus,
466 3391 496 3435 ut
508 3384 759 3448 demonstrauimus,
775 3399 870 3437 mom
880 3387 939 3436 eret
951 3384 1033 3448 nube
1044 3400 1119 3459 quae
