2317 3809
293 196 376 267 ma,
389 180 445 255 in.
463 195 550 251 cnr.
568 194 681 251 ae-et.
915 188 976 250 107

23 350 65 401 qne
77 334 257 401 transductis,
281 338 308 387 et
322 334 382 387 loce
397 333 489 387 castris
507 333 601 385 idoneo
619 333 735 398 delecto,
758 332 872 399 reliquas
887 332 976 401 copias

23 403 165 457 enecavit.
198 402 409 473 Vercingetorix,
426 401 586 473 recognita,
611 420 644 455 ne
662 409 753 455 eontra
772 402 976 458 suamvolunta-

23 480 67 525 tem
83 472 219 525 dimieare
226 478 382 543 cogeretur,
400 471 503 543 magnis
519 470 658 524 itineribus
670 471 813 525 antecessit.
917 481 920 485 '

82 574 131 628 36.
153 575 251 627 Caesar
271 592 303 627 er
324 591 355 627 eo
372 574 431 627 loeo
447 573 543 640 quintis
555 574 648 627 eastris
670 574 830 644 Gergoviam
851 574 977 642 pervenit,

23 645 189 711 equestrique
202 643 302 710 proelio
315 660 346 697 ee
359 643 401 695 dic
415 642 469 697 levi
480 644 562 706 laeto,
579 650 714 711 perspecto
730 643 802 696 urbis
813 643 879 708 situ,
900 660 978 711 qnae,

23 713 100 777 resitu
111 712 143 765 in
156 714 286 765 altissimo
299 718 400 775 mente,
414 712 498 765 omnis
513 712 600 765 aditus
613 712 733 765 difficiles
748 714 875 778 babebat,
888 714 920 766 de
930 730 978 767 ex·

23 784 182 849 cognatione
194 782 358 849 desperavit3
377 781 410 833 de
423 780 570 833 obsessione
587 799 638 834 non
649 782 722 850 prins
733 783 865 851 agendum
880 783 978 835 eonsti-

23 852 79 913 :uit,
97 867 185 918 quam
196 868 254 903 rem
268 850 468 903 frumentariam
479 850 629 917 expedisset.
663 852 697 903 At
709 851 915 921 Vercingetorix,
931 868 977 904 ca·

23 920 72 971 tris
87 936 175 987 prope
185 921 311 987 oppidum
323 921 352 972 in
362 925 451 971 monte
464 919 571 987 positis,
591 919 766 973 mediocribus
778 921 878 973 circum
892 938 921 973 se
935 920 977 973 in·
1060 926 1066 933 “

23 990 140 1041 ‘orcadis
156 990 298 1055 separatim
317 989 483 1057 siugrdarum
500 988 646 1041 eivitatium
667 990 756 1056 copias
781 992 976 1053 conlocauerat3

23 1066 93 1124 etque
108 1058 234 1111 omnibns
248 1058 304 1111 eins
316 1058 375 1127 iugi
387 1058 498 1111 collibus
513 1044 659 1125 occupatis,
681 1075 734 1126 qna
755 1058 852 1126 despici
866 1065 976 1127 poterat,

23 1126 180 1183 terribilem
199 1128 317 1194 speciem
328 1127 482 1196 praebebat:
507 1126 686 1195 principesque
704 1145 797 1181 earum
819 1128 976 1192 civitatium,

23 1212 79 1261 quos
92 1196 149 1247 sibi
167 1196 201 1247 ad
212 1197 351 1249 consilinm
363 1195 517 1264 capiendum
528 1196 675 1265 delegerat,
692 1197 779 1264 prima
790 1199 850 1250 lnce
859 1195 976 1265 quotidie

23 1265 47 1317 sd
64 1283 93 1316 se
105 1266 219 1317 iubebat
228 1266 380 1329 convenire,
390 1282 436 1317 seu
446 1264 509 1331 quid
522 1266 781 1330 communicandam,
796 1283 843 1319 seu
855 1267 917 1335 quid
928 1267 976 1319 ad·

23 1334 224 1389 ministrandum
240 1335 388 1387 videretur:
407 1352 490 1403 neque
508 1335 595 1387 ullum
615 1336 671 1387 iere
691 1335 762 1387 diem
777 1334 975 1404 intermittebat,

23 1404 78 1467 quin
93 1402 213 1471 equestri
227 1404 341 1471 proelio,
363 1403 505 1455 interiectis
516 1403 674 1471 sagittariis,
691 1405 755 1472 qnid
776 1405 804 1457 in
819 1422 922 1472 quoque
932 1424 976 1459 es·

23 1480 53 1521 set
67 1472 158 1529 enimi
168 1489 200 1525 ac
214 1472 453 1536 vicentinensem,
470 1472 669 1540 periclitaretur.
702 1476 795 1527 Erato
809 1475 917 1544 regione
927 1493 976 1542 op-

23 1540 70 1605 pidi
87 1540 170 1595 collis
181 1543 230 1593 sub
242 1541 447 1609 ipsis'radicibus
460 1541 571 1605 montis,
593 1542 701 1612 egregie
715 1544 830 1596 munitm
847 1551 925 1613 utque
941 1561 975 1597 ex

23 1610 88 1661 cunni
101 1617 180 1677 parte
194 1610 378 1663 circumcisus:
395 1612 486 1679 (quern
501 1610 524 1663 si
536 1617 652 1663 tenerem
666 1612 762 1676 nostri,
779 1619 806 1665 et
817 1630 903 1679 aquae
915 1628 975 1665 rna·

23 1694 69 1745 qna
88 1684 168 1747 parte
184 1686 212 1732 et
232 1678 401 1747 pabulatione
414 1680 501 1732 libera
522 1680 681 1748 prohibituri
698 1682 787 1733 hostes
805 1682 976 1747 ridebantur3
1077 1707 1080 1716 ¹

23 1749 61 1798 scd
75 1748 99 1799 is
113 1750 190 1803 locus
203 1749 334 1816 praesidio
351 1751 385 1803 ab
405 1740 508 1801 iis'neu
519 1748 598 1801 nimis
618 1750 696 1802 firmo
708 1751 869 1819 tenebaturr)
886 1758 976 1803 tornea

23 1817 122 1869 silentio
139 1818 224 1871 noctis
235 1819 347 1885 Caesar,
365 1836 397 1871 ex
415 1818 506 1870 cestris
516 1835 654 1886 egressus,
678 1817 751 1885 prius
767 1836 846 1885 quam
858 1820 974 1871 subsidio

23 1902 48 1936 ex
61 1885 163 1954 oppido
178 1888 264 1939 veniri
273 1892 376 1955 posset,
399 1887 499 1940 deiecto
512 1887 642 1954 praesidio
654 1887 750 1953 potitus
762 1889 834 1949 loco,
856 1889 923 1939 duas
934 1888 975 1940 ibi

24 1954 138 2021 legiones
162 1957 322 2021 seulement,
352 1959 502 2022 fossamque
526 1955 659 2022 duplicem
681 1955 828 2007 duodenm
845 1957 940 2022 pedum
956 1972 975 2009 a

24 2024 166 2077 maioribus
178 2026 271 2079 cestris
285 2028 320 2079 ad
332 2026 435 2079 minora
450 2022 585 2091 perduxit,
608 2028 638 2077 ut
652 2029 709 2077 tuto
728 2024 973 2091 strepentem

24 2093 97 2147 stium
111 2096 223 2147 incursu
234 2094 315 2161 etiam
327 2096 427 2166 singuli
438 2109 587 2147 commeare
599 2098 710 2161 possent
727 2132 734 2151 2
923 2111 925 2116 '

85 2196 131 2250 et.
151 2198 222 2251 Dum
236 2200 303 2251 haee
316 2198 350 2251 ed
364 2198 526 2269 Gergoviam
544 2201 679 2267 gerentur,
695 2196 907 2269 ¹Conuictolitauis
921 2199 973 2251 Ac·

25 2264 100 2329 dnus,
118 2267 164 2319 cui
176 2268 363 2337 magistratum
384 2270 549 2341 adsignatum
569 2266 713 2321 accesere
730 2268 973 2336 demonstrauimus,

25 2335 178 2389 sollicitatus
190 2339 224 2389 ab
239 2338 363 2389 Arvernis
375 2338 501 2405 pecunia,
522 2354 584 2389 eum
594 2335 750 2403 quibusdam
767 2337 973 2408 adolescentibus

26 2405 201 2471 conloquitur,
217 2424 329 2473 querum
347 2412 403 2459 erat
421 2407 539 2475 princeps
553 2405 686 2459 bituricus
697 2411 775 2473 atque
794 2406 850 2458 eius
867 2407 972 2472 iratres,

26 2474 184 2540 amplissima
197 2476 299 2528 familia
316 2475 372 2528 nati
384 2477 568 2529 adolescentes.
601 2476 668 2527 Cam
685 2475 718 2527 iis
730 2475 876 2543 praemium
900 2492 973 2527 com·

26 2544 138 2597 inunicat
150 2544 335 2612 hortaturque,
352 2552 383 2597 et
398 2563 425 2597 ae
440 2546 529 2597 liberos
544 2552 571 2597 et
585 2545 692 2613 imperio
704 2553 779 2597 netes
793 2546 973 2596 meminerint:

26 2627 97 2663 nnnm
112 2630 168 2664 esse
185 2615 331 2666 Aeduorum
344 2614 490 2678 civitatem,
507 2630 574 2682 qnae
591 2614 758 2665 certissimam
773 2614 876 2664 Galliae
891 2615 972 2664 victo-

27 2680 86 2731 n'nnr
101 2683 229 2735 distineat
237 2701 247 2745 ,·
263 2685 317 2735 eius
332 2684 487 2736 auctoritate
499 2684 612 2751 reliquos
625 2684 750 2734 contineri
756 2700 765 2743 ς
781 2698 834 2751 que
849 2682 972 2733 transdo-

27 2756 78 2805 eta,
97 2754 181 2803 lecum
196 2752 349 2804 consistendi
360 2753 485 2805 Romanis
496 2754 524 2804 ia
534 2752 623 2803 Gallia
636 2754 769 2817 consere:
786 2767 840 2802 esse
852 2752 972 2803 normullo

27 2834 49 2866 ee
62 2821 183 2871 Caesaris
198 2822 316 2889 beneficio
330 2822 476 2888 adfectum,
500 2822 536 2873 eie
548 2828 651 2883 tomen,
675 2827 706 2872 et
719 2818 885 2871 iratissimum
900 2820 972 2887 apud

28 2903 78 2937 enm
94 2896 214 2941 caussam
228 2892 366 2943 obtinuerit
371 2909 382 2953 ‚·
396 2892 442 2943 sed
455 2892 515 2959 plue
526 2890 653 2941 commoni
662 2889 777 2941 libertati
788 2887 915 2946 tribueres
926 2905 972 2940 eur
986 2886 992 2895 '

28 2958 87 3008 enim
97 2958 187 3027 potius
199 2960 285 3015 Aedui
299 2960 331 3011 de
346 2977 391 3011 sne
403 2960 460 3011 iore
474 2967 501 3011 et
520 2960 552 3011 de
565 2958 666 3027 legibue
680 2958 717 3009 od
733 2956 869 3009 Caesarem
888 2958 971 3009 disee·

28 3031 163 3089 ptulerunt,
180 3044 258 3094 quom
271 3028 384 3080 Romani
399 3028 435 3080 od
451 3028 569 3091 Aeduos,
585 3024 712 3078 vedent?
744 3025 869 3099 Celeriter
882 3027 971 3079 adole·

28 3095 150 3147 uentibus
163 3104 191 3147 et
201 3096 319 3149 oratione
337 3096 507 3167 magistratus
522 3101 548 3148 et
562 3094 680 3162 praemio
692 3092 824 3159 deductis,
840 3112 921 3163 quum
942 3112 971 3147 se

29 3164 64 3214 nl
84 3160 215 3232 principes
232 3167 288 3219 eius
309 3165 412 3218 consilii
434 3168 491 3220 lere
510 3165 708 3232 profiterentur,
733 3162 802 3216 ratio
820 3164 971 3231 perficiendi
1041 3227 1045 3232 ⁸

29 3235 206 3297 quaerebatur,
225 3237 293 3302 quod
306 3235 441 3289 civitatem
452 3242 541 3288 tenere
558 3234 593 3286 ed
608 3232 799 3300 suscipiendum
810 3234 911 3287 bellurn
923 3234 971 3285 ad·

30 3300 81 3353 duci
93 3319 168 3369 posse
188 3321 239 3356 non
252 3305 423 3357 confidebant.
457 3302 576 3367 Placuit,
599 3302 639 3355 uti
656 3302 788 3356 Litavicus
804 3304 895 3355 decern
916 3300 971 3354 illis

30 3370 146 3436 nulum,
172 3388 239 3441 qnae
252 3372 359 3429 Caesari
374 3374 408 3429 ad
420 3373 520 3427 bellum
529 3370 707 3439 mitterentur,
729 3371 914 3441 praeficeretur
930 3376 971 3423 at·
