2317 3809
253 186 257 192 ’
369 215 449 274 arn.
465 171 697 310 cansa-1⁹.
717 205 746 228 '·
861 225 866 238 ¹
951 215 1016 279 247

44 369 145 414 sam
157 358 260 417 inune
269 369 372 434 partun
386 359 548 417 dictinum
561 375 656 413 manus
673 375 766 414 couno
786 361 924 416 constratis
941 364 1017 418 nasi-

51 433 109 484 bus
123 431 295 500 adgreditur,
312 433 437 502 praemiis
450 430 555 500 maguis
566 430 715 498 propositis,
733 430 778 498 qui
791 431 891 499 primus
903 433 1017 486 insulam

52 499 177 568 cepisset
203 504 244 554 Ac
254 504 341 570 primo
357 504 477 572 inpetum
486 505 638 554 nonnosum
650 501 750 568 pariter
759 503 948 556 sustinueruuts
964 519 1017 554 uno

51 570 130 624 errius
144 575 263 638 tempore
272 580 299 626 et
310 591 342 625 ex
355 573 430 626 tectis
440 570 620 625 aedificiorum
630 571 832 640 propugnabant
844 577 870 623 et
882 571 962 624 litore
974 587 1017 624 ur-

50 638 321 707 msstideleudebant3
339 659 390 710 quo
402 646 508 710 propter
514 637 683 706 asperitatem
694 639 749 692 loci
760 657 812 692 nou
822 639 908 692 tncffis
922 640 1018 694 nurstris

51 707 147 760 aditus
162 709 290 775 dabatur3
307 717 334 764 ct
347 711 453 779 scaplris
465 709 629 777 nndbusquus
649 709 737 778 longis
753 709 867 778 quiaque
882 708 1018 763 mobiliter

51 785 82 830 et
94 776 211 830 scisma
222 780 357 850 ungmtiss
371 780 424 833 loci
435 780 583 832 tuebantur.
617 778 668 830 Sed
682 779 747 843 ubi,
764 779 880 846 primum
893 779 959 832 locis
973 795 1017 832 co-

51 845 141 917 guitis
153 848 282 916 sedisque
294 850 459 917 pertentatis,
476 847 556 916 ponci
566 848 649 900 nostri
660 848 688 900 in
700 848 779 901 litore
797 847 967 901 constiterunt
976 854 1015 902 at-

52 933 111 984 que
130 917 182 969 bos
196 925 258 971 snut
270 919 319 972 nlii
334 918 479 982 subsecuti,
496 921 694 985 constanterque
709 917 735 970 in
751 935 812 981 eos,
835 917 922 986 quiin
939 918 1017 971 litore

52 1001 144 1052 aequo
158 985 315 1053 institerunt,
332 989 449 1056 inpetum
457 989 590 1048 iecerunt3
609 985 915 1070 omnesPhoritnctcrqa
930 993 1017 1040 sorta-

52 1061 128 1112 runs.
163 1055 216 1108 llis
226 1058 310 1125 pulsis
323 1057 441 1111 custodia
455 1061 546 1122 portus
558 1055 669 1120 reflatu,
685 1057 718 1108 od
732 1055 810 1108 litor-u
826 1062 852 1108 et
864 1073 955 1109 vicum
969 1055 1016 1110 ad-

51 1124 240 1192 plicuerunt,
257 1143 337 1194 seque
349 1145 381 1179 cx
393 1126 504 1180 navibus
514 1123 550 1176 sd
559 1125 656 1177 tuaudc
671 1124 792 1178 aadifleia
807 1125 946 1179 eiecerunt.

129 1193 174 1246 18.
189 1195 281 1261 Neque
296 1213 361 1248 vero
379 1195 476 1248 diutius
489 1193 603 1263 [ipsi]cn
617 1193 763 1247 munitione
777 1211 806 1246 se
825 1193 957 1248 continere
968 1211 1016 1264 po·

55 1269 180 1316 tuerent:
196 1265 247 1316 etsi
257 1271 375 1318 erotnon
387 1265 528 1328 dissimile,
545 1271 623 1331 atque
635 1263 823 1328 Alexandriae,
841 1281 923 1334 genum
944 1263 1016 1317 aedi-

52 1331 197 1397 ficiorum,
212 1339 244 1386 ut
254 1335 359 1388 minora
370 1333 516 1388 maioribus
535 1335 718 1398 conternntur,
734 1333 976 1402 turresqueedltac
990 1341 1016 1387 ct

53 1401 213 1473 coniunctae
223 1404 294 1456 muri
305 1405 394 1457 locum
406 1405 573 1458 obtinebant:
590 1420 674 1471 neque
687 1403 771 1456 nostri
789 1413 836 1457 eut
855 1403 947 1470 scalis,
969 1411 1017 1457 aut

53 1470 190 1536 cratibus,
207 1477 254 1525 aut
268 1473 376 1541 reliquis
395 1475 475 1527 rebus
499 1471 586 1542 parati
603 1479 729 1527 venerunt
747 1473 782 1526 nd
801 1473 1015 1544 obpugnandum.

53 1540 112 1592 Sed
123 1547 210 1594 terror
221 1542 373 1596 bominibus
382 1551 498 1596 mentem
510 1542 702 1610 consiliumque
712 1541 790 1610 eripit
801 1551 827 1597 et
838 1546 957 1598 membre
970 1543 1022 1596 de-

53 1609 162 1663 bilitat:
186 1615 217 1662 stt
233 1618 295 1664 tune
313 1612 418 1665 accidit.
452 1611 506 1679 Qui
528 1629 557 1665 sc
576 1611 605 1664 iu
618 1629 701 1680 aequo
718 1613 778 1664 loco
794 1629 826 1664 ac
839 1614 918 1680 plano
938 1605 1016 1682 ps'rcs

53 1697 115 1733 csse
126 1679 305 1746 confidebant,
322 1681 418 1744 iidem,
434 1679 568 1750 perterriti
583 1681 650 1751 iuga
660 1697 769 1733 suorum
784 1687 810 1733 et
823 1683 903 1736 caede
917 1698 1015 1750 pauco·

52 1766 133 1811 rum,
150 1749 261 1818 triginta
278 1752 375 1818 pedum
395 1751 534 1804 altitudine
552 1749 581 1802 iu
599 1749 726 1802 aediliciis
738 1749 879 1806 consistere
893 1750 950 1804 cusi
963 1767 1015 1804 uon

54 1824 134 1882 sunt,
151 1836 231 1886 wne
249 1821 410 1888 permutem
424 1819 454 1872 in
467 1836 543 1872 merc
562 1818 800 1886 praecipitaverunt
815 1827 841 1873 et
853 1819 1015 1888 octingenta·
1056 1877 1058 1882 ,

53 1905 118 1940 rum
129 1903 255 1955 passuum
264 1889 405 1942 intervallo
418 1888 452 1941 ad
474 1888 603 1957 oppidum
617 1893 799 1940 'edomuerunt
832 1887 915 1942 llrslti
928 1895 1016 1942 wmcn

14 2012 19 2021 ,
54 1955 223 2081 ἕξίεἰίὖὸαρῐί
235 1957 417 2028 interfectique
428 1964 505 2023 sunt,
521 1958 569 2012 scd
579 1973 705 2012 uumerus
723 1956 888 2026 captivorum
909 1956 1015 2011 omniuo

126 2095 171 2150 19.
188 2095 301 2162 Caesar,
316 2095 416 2166 praeda
429 2095 559 2151 militibus
572 2111 706 2162 maressa,
723 2095 845 2150 ecdillcin
864 2094 944 2163 diripi
960 2093 1015 2150 ius-

55 2165 105 2230 sit,
123 2167 313 2234 castellumque
327 2167 362 2220 ad
373 2172 494 2234 pontem,
512 2165 559 2235 qui
570 2165 680 2236 propior
699 2172 755 2220 erat
773 2167 878 2232 Pharo,
896 2182 1015 2220 commu-

55 2235 125 2287 nivit
137 2243 218 2303 atquc
232 2236 271 2289 ibi
284 2235 446 2320 praesidium
457 2237 554 2305 posuit.
588 2236 707 2292 Huncin
728 2235 882 2290 aPharitee
901 2234 1015 2302 relique-

54 2305 280 2368 ranlsfortiorem
288 2305 678 2376 rllumpropioremquaoppido
721 2305 1014 2360 exoudrinitucboutur.

55 2375 111 2426 Sed
124 2391 188 2428 eum
202 2381 307 2442 postero
316 2375 452 2430 dissimili
464 2376 568 2430 ιιιίοιιο
578 2375 745 2445 adgreditur,
763 2377 848 2443 quod,
867 2375 910 2428 lris
922 2375 1015 2428 obten-

54 2443 89 2496 tis
103 2444 223 2508 duobus,
239 2462 345 2506 omnem
356 2445 526 2516 naugiornm
539 2463 679 2500 excursum
691 2451 717 2499 et
728 2445 864 2514 repentina
875 2442 1016 2498 latrociuia

56 2513 192 2568 subletum
206 2512 242 2566 iri
255 2514 401 2568 videbatur.
435 2517 545 2584 lamque
564 2533 623 2580 cos,
641 2515 687 2582 qui
704 2515 833 2582 praesidio
851 2532 911 2568 cum
925 2515 1015 2566 locum

55 2583 188 2647 tenebant,
205 2584 340 2637 tormentis
354 2602 385 2638 ex
397 2584 509 2638 nasibus
520 2583 675 2654 sagittisque
688 2584 823 2651 depulerat
833 2590 913 2650 etque
927 2581 955 2634 in
967 2597 1015 2649 op-

54 2651 149 2720 pidum
165 2652 318 2736 redegeram
336 2658 363 2706 et
374 2654 525 2708 cohortium
538 2653 621 2707 trium
635 2653 717 2708 instar
727 2653 755 2705 in
769 2660 867 2706 terram
888 2667 1015 2719 exposue-

54 2727 113 2774 rat:
129 2738 184 2774 non
196 2739 267 2776 emm
282 2723 370 2790 plures
380 2723 520 2792 consistere
537 2722 743 2793 augustiaeloci
755 2722 932 2790 patiebanturc
950 2719 1015 2774 reli-

54 2807 125 2860 quae
135 2790 229 2859 copiae
238 2791 266 2844 iu
275 2791 385 2845 navibus
396 2793 535 2848 emtionem
548 2793 708 2848 obtinebant.
739 2792 799 2859 Quo
810 2791 881 2844 tacto
893 2789 1014 2858 imporat,

52 2863 165 2928 pontem
177 2860 302 2914 edemus
314 2862 418 2916 bostem
430 2863 592 2930 praecelleri
609 2868 650 2928 et,
668 2877 721 2930 que
732 2860 817 2915 exitus
828 2859 941 2914 novibus
956 2863 1014 2915 esu

53 2929 160 2983 lornlcc
172 2935 316 2997 emtructo,
332 2949 384 3000 qno
397 2950 463 3001 pons
474 2933 659 2996 sustinebatur,
675 2928 808 2998 lapidibus
822 2929 923 2997 obpleri
935 2935 1014 2997 utque

53 2998 173 3052 obstrui:
191 3016 304 3067 qnorum
319 3001 404 3054 altero
418 3019 498 3070 opere
510 3002 621 3065 effeao,
641 3004 672 3053 nt
693 3000 768 3052 nulla
788 2999 894 3053 omniuo
915 3000 1020 3068 scapha

52 3069 149 3155 effredi
159 3075 261 3136 posset,
278 3070 362 3123 altero
374 3069 508 3135 instituto,
525 3087 615 3123 omncs
629 3067 865 3122 Alexandrinorum
878 3069 969 3139 copiae
980 3083 1013 3121 ex

53 3138 154 3207 oppido
164 3151 195 3191 se
208 3139 340 3192 eiecerunt
351 3143 378 3192 et
387 3147 479 3195 contre
487 3140 646 3194 munitiones
659 3137 745 3206 pontit
762 3137 857 3195 ledere
872 3141 933 3192 loeo
951 3141 1014 3191 con-

52 3208 192 3261 stiternnts
214 3209 360 3294 eodeannc
376 3215 509 3278 tempore,
540 3225 609 3279 quae
628 3213 816 3262 consueverant
837 3209 946 3280 navigia
966 3223 1014 3275 por

52 3283 147 3346 pontes
165 3276 201 3330 ad
218 3277 339 3331 incendia
354 3279 536 3333 cremiorum
552 3277 687 3343 uuidere,
705 3277 740 3330 ad
756 3279 855 3331 molem
874 3275 1014 3332 connitun-

13 3356 14 3409 }
53 3353 125 3400 runt
159 3347 336 3418 Pugnabatur
349 3362 366 3401 ιι
378 3347 497 3402 nobisex
507 3352 598 3417 ponte,
616 3363 649 3401 er
664 3349 799 3413 mole3‘ab
814 3347 870 3401 illis
888 3365 921 3402 ex
941 3360 1013 3408 eree,

54 3433 127 3484 quac
141 3422 202 3472 erat
216 3417 343 3474 adrem
354 3422 477 3488 pontem,
493 3423 520 3474 st
532 3435 565 3474 ex
575 3417 686 3478 santus
701 3421 792 3472 conus
802 3418 909 3486 molens
