2317 3809
380 201 710 262 momen-u.
750 225 753 232 -
861 266 864 273 f
911 222 916 230 ι
965 199 1036 290 2791

60 339 99 396 do
115 339 276 396 excederem
291 339 370 410 idque
385 342 437 396 sihi
448 359 561 412 rmuqm
572 343 735 398 meduan
748 344 974 417 conditionemque
986 365 1030 402 re-

58 413 235 479 pudiassent,
261 421 352 479 postea
371 414 405 466 ah
424 412 462 465 eis
483 413 554 481 eapti
571 413 751 481 interfectique
763 423 823 468 runt
835 435 932 471 omnes.
965 419 1031 471 Inde

59 481 221 550 progressi,
238 498 318 550 agros
332 482 478 550 oppidaque
496 499 654 537 verareueu
673 484 808 538 desistunt.
842 485 1030 552 Quihusrehne

59 551 200 620 arguitis,
224 551 299 614 luha,
313 568 393 618 quum
409 551 463 604 iam
475 553 615 625 noulenge
628 555 663 606 ab
676 553 798 621 Scipione
811 559 890 621 atque
904 557 959 606 eius
974 559 1031 608 llu-

61 619 144 672 cihus
162 621 281 683 abesse,
304 621 545 687 capiteomnium,
568 622 651 674 satim
667 640 739 686 esse,
756 623 807 676 sihi
824 642 923 692 seoque
934 626 1030 693 Regno
1140 671 1145 678 .

60 688 189 742 subsidio
205 689 261 754 ire,
288 706 381 756 quom,
407 691 471 744 dum
493 691 559 744 alios
579 692 715 744 adiuturus
727 693 954 760 proficisceretur,
970 695 1032 761 ipse

61 775 115 811 suo
142 759 240 826 Regno
259 761 394 826 expulsus,
420 758 528 813 forsitan
544 765 656 828 utraque
674 779 705 814 re
725 763 906 829 expelleretur.
937 763 1031 830 ltaque

60 845 161 880 rursus
178 844 207 878 se
216 873 218 878 ,
226 828 345 894 recipere
358 834 435 896 atquc
447 829 548 882 auxilia
564 831 646 882 etiam
657 833 691 883 ah
704 830 826 897 Scipione
838 831 960 895 obduxit,
977 832 1030 884 sihi
1078 865 1082 883 .

61 897 177 964 suisque
186 896 264 949 rebus
275 897 386 962 timens,
404 898 601 965 elephantisque
614 899 725 969 triginta
737 900 852 966 relictis,
864 900 921 956 mis
931 901 1029 954 linibus
1042 924 1046 932 ·

63 965 226 1034 oppidisque
239 966 371 1032 subpetias
388 969 519 1033 proiectus
532 974 579 1020 est.
1004 982 1009 991 “

49 1093 52 1102 1
137 1033 183 1086 26.
201 1033 297 1088 Goesm
313 1035 431 1098 interim,
448 1054 530 1103 quum
542 1036 574 1088 de
591 1055 639 1090 suo
653 1039 766 1092 adventu
780 1037 911 1091 dubitatio
925 1037 953 1091 iu
965 1055 1029 1105 pro-

61 1102 158 1156 uincia
170 1113 252 1167 esset,
274 1121 358 1170 neque
380 1105 518 1172 quisquam
537 1107 667 1172 mederet,
684 1107 778 1176 ipsum,
791 1109 837 1160 sed
849 1109 964 1176 aliquem
978 1109 1029 1160 Le-

62 1181 164 1242 gatum
177 1187 239 1225 oum
255 1172 337 1240 copiis
350 1173 376 1226 in
388 1175 507 1228 Africam
521 1175 638 1239 venisse,
655 1177 806 1243 eomeriptis
822 1177 917 1230 litteris
927 1177 1027 1230 circum

62 1241 249 1309 provinciam,
272 1260 362 1294 omnes
378 1243 498 1296 civitates
511 1245 575 1296 iecit
590 1246 623 1297 de
634 1247 805 1300 eunadrentu
818 1246 950 1298 certiores.
983 1247 1028 1298 ln-

63 1311 148 1364 terim
164 1312 266 1364 nobiles
278 1311 398 1364 homines
410 1331 442 1366 ex
455 1313 509 1366 suis
522 1313 624 1380 oppidis
631 1317 775 1384 ¹prol'ugere
787 1321 814 1378 et
824 1315 852 1368 iu
864 1323 951 1369 oastm
961 1316 1029 1368 Goo-

62 1380 135 1434 saris
145 1380 268 1434 devemre
279 1388 305 1434 et
319 1383 351 1434 de
365 1383 574 1436 edversarinmm
588 1384 644 1436 eius
659 1385 815 1438 crudelitate
834 1386 1028 1452 ecerhitateqne

63 1461 277 1504 commemorare
294 1459 441 1518 coeperunt.
487 1453 607 1518 Quonim
622 1452 739 1506 lucrinus
756 1454 920 1522 querelisque
930 1455 1029 1508 Caesar

63 1525 224 1583 commotus,
236 1537 317 1586 quum
329 1527 403 1572 antee
411 1523 601 1576 constitissetin
614 1523 715 1576 stativis
728 1524 828 1589 metris,
838 1530 938 1576 aesmte
950 1524 1025 1587 inita,

64 1587 168 1640 eunctis
183 1589 264 1655 copiis
277 1589 432 1656 auxiliisque
445 1590 925 1654 actinhellumeumadrersoriiseuis
1053 1642 1055 1649 .

64 1657 188 1720 instituit,
199 1657 343 1726 litterisque
357 1658 475 1721 celeriter
487 1660 512 1712 in
526 1660 648 1712 Siciliam
658 1662 693 1712 ad
706 1663 838 1714 Allienum
851 1610 1026 1716 ausim

65 1729 225 1781 Postumum
243 1728 395 1794 conscriptis
415 1736 442 1780 et
461 1746 509 1808 per
527 1737 693 1795 catascopum
712 1730 815 1793 missis,
837 1738 867 1782 ut
880 1733 937 1782 eine
950 1748 1025 1782 erere

67 1805 117 1850 out
130 1799 185 1848 utto
193 1799 357 1850 excusatione
369 1797 459 1849 hiemis
470 1807 653 1866 ventorumque
663 1816 742 1866 quam
755 1801 887 1852 celerrime
898 1801 1025 1851 exercitur

66 1866 118 1918 sihi
126 1872 364 1934 transportaretur:
380 1869 499 1934 African
507 1869 669 1934 prouinciam
678 1869 1026 1935 periresundituequeeoerti
1037 1898 1039 1905 ν

68 1936 101 1987 ui
114 1937 169 1987 ruis
181 1937 304 1988 inimicis.-
321 1937 452 2004 quodnisi
466 1938 582 1988 celeriter
592 1938 666 1988 sociis
672 1938 911 2002 succinctionem,
917 1946 1026 2004 praeter

68 2005 821 2143 ttttttttttttctthttittwttw
829 2007 1024 2142 iiim

68 2147 211 2196 uouerat
231 2143 398 2196 institutione
418 2149 444 2196 et
464 2144 669 2212 exspectatione,
692 2149 723 2196 ut
740 2149 844 2210 postero
866 2142 925 2206 die,
942 2159 1024 2210 quam

56 2211 183 2264 misisset
201 2213 300 2265 litteras
317 2211 493 2279 nunciumque
507 2212 535 2266 in
548 2213 683 2277 Siciliam,
702 2213 812 2268 classem
828 2212 1024 2278 exercitumque

68 2280 168 2332 momri
184 2281 290 2346 diceret,
307 2281 362 2333 dies
374 2291 513 2349 noctesque
524 2283 614 2334 oeulos
626 2289 793 2350 montemque
806 2284 839 2336 nd
847 2299 923 2334 mare
936 2281 1025 2350 dispo-

69 2350 133 2401 sitos
145 2349 307 2417 directusque
321 2352 438 2404 haberet.
456 2351 509 2404 Nec
525 2353 637 2404 mirum:
651 2351 963 2414 animadvertehatenim,
971 2350 1024 2402 ril-

67 2420 110 2472 las
129 2419 211 2482 exuri,
222 2437 301 2488 egros
321 2420 436 2483 vuueri,
453 2437 531 2486 pecus
547 2421 642 2488 diripi,
654 2421 804 2484 trucidari,
820 2421 916 2488 oppida
929 2421 1024 2475 casteh

69 2489 147 2554 laque
159 2489 229 2541 dirui
249 2487 397 2554 deserique,
422 2489 551 2557 principes
571 2491 709 2542 civitatum
727 2497 774 2542 aut
793 2489 920 2553 interfici,
936 2489 1023 2542 autin

70 2557 165 2610 eatenis
183 2559 279 2622 teneri,
300 2557 396 2610 liberos
413 2575 505 2610 eorum
523 2559 643 2611 obsidum
654 2559 760 2612 nomine
771 2558 799 2610 in
811 2563 963 2612 servitutem
974 2559 1024 2610 ah-

70 2625 135 2692 ripi3
152 2625 184 2678 iis
200 2645 228 2678 se
236 2627 263 2679 in
275 2627 388 2680 miseriis
400 2645 527 2696 suamque
541 2628 621 2680 fidem
636 2628 836 2695 implorantibus
849 2628 948 2679 anxilio
961 2645 1023 2694 pro-

70 2703 127 2764 pter
138 2695 273 2762 copiarum
286 2695 442 2763 paucitatem
453 2715 510 2750 esse
522 2715 573 2750 nnn
589 2715 673 2764 porse.
688 2698 789 2750 Milites
799 2697 905 2749 interim
917 2697 945 2748 iu
959 2715 1022 2764 ope-
1089 2687 1096 2712 ⁴

70 2781 100 2815 re
111 2782 241 2830 exercere,
259 2774 346 2818 castro
364 2766 476 2830 munire,
493 2776 593 2831 turres,
609 2767 718 2819 castella
734 2767 822 2820 lacere
833 2767 969 2832 molesque
980 2765 1023 2820 ia·
1098 2818 1101 2823 .

71 2851 130 2886 sere
140 2833 166 2896 in
180 2852 253 2887 mere
267 2853 317 2887 non
330 2835 509 2890 intermittere.

136 2903 177 2954 27.
196 2903 284 2971 Scipio
297 2905 401 2958 interim
413 2906 564 2973 elephantos
574 2904 628 2957 hoc
636 2903 716 2957 modo
727 2902 929 2983 condooeiacme
943 2901 1020 2957 insti-

70 2971 127 3024 tuit
158 2975 231 3026 Duos
246 2973 368 3026 instruxit
381 2975 558 3028 nciesounam
574 2975 736 3027 Funditorum
755 2979 846 3026 contra
858 2973 1020 3040 elephantos,

70 3044 137 3110 qu‘ae
145 3043 219 3108 qnasi
231 3043 441 3096 adversariorum
454 3044 542 3098 locum
559 3043 689 3094 obtineret
701 3049 728 3093 et
739 3047 829 3094 centn
844 3044 1019 3096 commiten-

71 3121 122 3164 tem
137 3113 274 3164 adversam
286 3113 391 3180 lapillos
406 3113 520 3166 minutos
538 3113 668 3164 mitteret:
686 3111 781 3163 deinde
790 3109 818 3162 iu
828 3111 947 3166 ordinem
963 3113 1019 3164 ele-

69 3182 176 3248 phantos
196 3182 341 3234 constituit:
366 3190 423 3248 post
442 3182 502 3236 illos
520 3189 609 3234 eutem
626 3181 712 3233 ocimu
730 3197 807 3233 meru
820 3180 955 3245 instruxit,
978 3186 1018 3243 ut,

72 3267 148 3318 qutun
160 3252 194 3302 ab
207 3251 365 3304 adversariis
375 3251 473 3318 lapides
487 3251 556 3303 mitti
570 3249 715 3317 coepissent
734 3255 760 3302 et
774 3251 906 3318 elephanti
917 3255 1019 3319 perter-

70 3319 115 3372 riti
126 3321 152 3372 s‘e
163 3321 197 3372 ad
209 3339 270 3374 suos
283 3320 482 3383 convertissent,
499 3337 590 3372 rursus
603 3337 621 3372 a
641 3336 689 3372 sua
707 3319 765 3372 acie
778 3320 909 3388 lapidibus
921 3319 1018 3383 missin,

72 3405 114 3443 eos
125 3397 303 3445 converterent
312 3392 435 3446 adversus
452 3389 571 3456 hostcm;
593 3389 664 3458 quod
680 3405 762 3460 aegre
783 3391 909 3459 tardeque
921 3389 1017 3443 tiebat:

737 3467 810 3522 Aee
