2317 3809
161 189 245 262 aaa*
301 193 305 202 '
444 198 677 264 „arumna
698 165 838 258 civim

161 342 476 406 immutatum
495 340 1132 408 pluribusdimissiitiueribus,aceesaread

162 413 327 478 Domitium,
345 419 373 465 et
384 413 419 465 ab
435 411 555 464 Domitio
564 412 599 463 ud
613 411 768 476 Caesarem,
784 413 860 464 nulla
872 412 974 465 ratione
991 412 1049 463 iter
1065 427 1131 464 enu-

163 485 242 538 licere
250 489 362 550 possent
397 481 450 532 Sed
465 481 635 549 Allobroges,
652 481 766 533 Roscilli
786 487 865 548 atque
878 482 947 550 Aegi
966 481 1142 542 familiares,

163 571 230 621 ques
244 550 394 620 perfugisse
406 550 440 602 ad
449 549 606 615 Pompeium
620 549 863 614 demonstravimus,
881 549 1024 616 conspicati
1039 550 1070 602 iu
1083 549 1131 600 iti-

162 640 227 676 nere
240 622 418 688 exploratores
436 619 561 682 Domitii,
577 637 624 672 seu
641 621 750 688 pristina
766 634 814 672 sua
834 619 1035 682 cousuetudine,
1057 619 1131 685 quod

163 709 219 744 uua
228 691 257 742 iu
270 690 360 742 Gallia
373 688 446 740 bolla
457 694 606 755 gesserent,
623 706 670 742 seu
683 690 771 758 gloria
785 689 862 751 elati,
881 695 987 752 mma,
1003 695 1035 740 ut
1052 693 1130 739 eraut

163 769 239 824 aeta,
256 762 430 826 exposuerunt
445 764 472 809 et
485 755 607 809 Caesaris
628 759 816 825 protectionem
838 766 865 810 et
884 759 1026 810 adveutum
1043 757 1129 809 Pom-

197 830 218 882 ii
230 830 382 881 docuerunt
417 825 549 891 Aqnibus
567 827 700 880 Domitius
718 828 927 890 certior'lactus,
942 826 988 878 vix
1010 833 1143 893 quatuor

185 915 293 952 orarum
304 896 389 964 spatio
402 895 569 960 antecedens,
584 897 702 949 hostium
716 896 844 948 beneficio
863 896 1010 964 periculum
1028 895 1129 948 vitarit

165 975 193 1022 et
213 968 248 1020 ad
264 965 423 1034 Aeginium,
441 963 511 1030 qnod
531 971 570 1020 est
587 965 719 1020 obiectum
738 966 937 1034 obpositumque
958 938 1144 1028 Themaliaal

165 1033 396 1092 &convenienti
405 1033 526 1085 occurrit.
873 1073 875 1080 .
1143 1051 1144 1054 ¹

237 1105 282 1158 st.
299 1103 444 1156 Coniuncto
458 1099 591 1166 exercitu,
608 1103 848 1170 CaesarGomphos
862 1101 989 1170 pervenit,
998 1102 1074 1170 qued
1089 1107 1127 1154 est

169 1175 298 1243 oppidum
314 1173 431 1242 primurn
449 1171 605 1224 Thessaliae
626 1171 788 1224 venientibus
810 1173 845 1224 ab
864 1172 960 1239 Epiro,
977 1187 1048 1238 quae
1063 1189 1126 1241 gens

166 1244 258 1314 paucis
273 1251 333 1295 ante
345 1241 480 1293 mensibus
494 1241 564 1291 ultro
580 1241 614 1292 ad
626 1241 766 1294 Caesarem
776 1242 879 1310 legatos
892 1241 1010 1303 miserat,
1027 1247 1059 1292 ut
1074 1241 1125 1292 suis
1144 1267 1145 1292 l

167 1313 290 1365 omnibus
301 1310 470 1364 facultatibus
483 1314 613 1372 uteretur,
629 1310 838 1378 praesidiumque
850 1311 885 1362 ab
900 1327 932 1362 eo
944 1309 1064 1362 militum
1082 1327 1125 1377 pe·

167 1382 255 1436 tieret.
279 1380 332 1432 Sed
346 1397 378 1430 eo
391 1378 463 1430 iama
473 1378 528 1429 iam
538 1387 733 1444 praecurrerat,
750 1397 830 1448 quam
841 1395 920 1446 supra
929 1378 1078 1443 docuimus,
1096 1380 1125 1429 de

108 1477 115 1486 ·
167 1449 271 1519 proelio
280 1447 482 1516 Dyrrhachiuo,
499 1447 570 1512 qnod
581 1448 674 1500 multis
686 1457 795 1503 auxerat
808 1448 935 1517 partibus.
968 1450 1062 1515 ltaque
1074 1449 1125 1500 Au·

168 1519 334 1582 drosthenes,
350 1517 461 1568 Praetor
471 1515 641 1581 Thessaliae,
658 1535 739 1585 quum
752 1537 781 1572 se
792 1518 918 1572 victoriae
937 1517 1061 1586 Pompeii
1083 1533 1126 1568 co-

168 1587 262 1642 mitem
284 1603 341 1638 esse
366 1585 472 1646 mallet,
499 1603 580 1652 quam
596 1586 696 1640 socium
716 1587 836 1640 (haeris
854 1587 882 1639 iu
900 1588 978 1640 rebus
999 1586 1126 1648 adversis,

169 1673 276 1710 omnem
289 1673 321 1708 ex
336 1655 410 1724 egris
422 1653 616 1710 multimdiuem
623 1674 759 1709 servorum
766 1673 798 1710 ae
805 1657 950 1709 liberorum
960 1655 988 1708 iu
998 1656 1125 1724 oppidum

169 1726 244 1796 cogit
252 1731 392 1794 portasque
401 1725 547 1791 praecludit
558 1731 586 1778 et
597 1727 631 1777 ad
643 1726 793 1793 Scipionem
804 1725 1010 1792 Pompeiumque
1019 1725 1126 1776 nuncios

170 1795 261 1859 mittit,
277 1801 309 1846 ut
323 1793 375 1846 sibi
383 1793 499 1845 subsidio
508 1795 627 1857 veniant3
643 1813 672 1847 se
686 1796 814 1848 confidere
826 1793 1014 1847 munitionibus
1026 1793 1123 1862 oppidi,

170 1858 329 1921 si'celeriter
335 1868 517 1916 succurratur:
534 1865 704 1933 longinquam
710 1865 931 1934 obpugnationem
941 1863 1071 1916 sustinere
1077 1879 1124 1915 nor
1146 1901 1147 1924 2

166 1952 255 2004 posse.
289 1933 395 2002 Scipio,
412 1930 526 1985 discessu
536 1934 697 1986 exercituum
711 1936 745 1986 ab
760 1931 928 2002 llprrhuchio
939 1932 1055 2000 cognitu,
1073 1933 1123 1986 12-

170 2007 267 2058 rissam
283 2003 401 2072 legiones
412 2002 571 2055 adduxerate
588 2003 728 2070 Pompeius
741 2005 856 2056 nondum
869 2001 1022 2055 'lhessuliae
1031 2003 1124 2070 adpro-

170 2073 323 2144 pinquabat.
359 2073 469 2134 Caesar,
486 2071 579 2124 eastris
592 2073 714 2138 munitis,
730 2073 814 2126 scalas
828 2073 1011 2139 musculosque
1032 2073 1070 2124 ad
1086 2087 1125 2122 re

171 2143 305 2212 pentinum
317 2141 537 2208 obpugnationem
546 2140 607 2192 heri
618 2150 644 2194 et
654 2151 738 2194 crates
747 2141 838 2211 parari
852 2141 936 2194 iussit.
969 2140 1074 2206 Quibus
1086 2157 1125 2192 re·

171 2213 222 2265 bus
237 2209 352 2272 effectis,
370 2209 522 2262 cohortatus
537 2209 636 2262 milites
652 2211 754 2274 docuit,
779 2219 906 2278 qnantum
919 2225 998 2261 usum
1017 2209 1124 2260 haberet

172 2283 207 2334 ad
222 2279 411 2332 sublevandam
424 2277 542 2330 omnium
554 2295 645 2330 rernm
656 2281 780 2347 inopiam,
797 2278 879 2345 potiri
888 2277 984 2346 oppido
997 2278 1075 2346 pleno
1088 2283 1125 2329 at-

172 2346 1124 2484 tulliillll'tltfflb‘tttffitttlttltsistitis

392 2451 400 2478 i
696 2455 704 2481 9

171 2494 268 2541 rcreut.
301 2487 405 2551 ltaque,
423 2501 486 2536 usus
498 2485 629 2556 singulari
639 2487 753 2538 militum
774 2486 874 2549 studio,
892 2487 997 2548 eedem,
1015 2503 1067 2552 quo
1081 2503 1123 2537 ve

174 2563 263 2620 uerat,
280 2553 324 2605 die
336 2559 395 2620 post
407 2555 503 2606 horam
519 2572 616 2607 nonam
631 2555 755 2623 oppidum
774 2555 908 2608 altissimis
927 2555 1063 2607 moenibus
1079 2555 1121 2606 ob-

173 2623 531 2748 tlffitltzttt'a‘t‘?
537 2623 1122 2762 ubffffttlfflitblttt

514 2729 522 2758 l

172 2765 300 2831 tropolim
311 2761 392 2827 veuit,
408 2761 454 2825 sic,
472 2767 501 2814 ut
514 2761 623 2816 nuncios
638 2765 781 2834 expugnati
792 2763 881 2832 oppidi
892 2763 1043 2830 fumumque
1056 2769 1121 2814 aute

176 2835 288 2887 mderct.
422 2878 425 2883 .

246 2902 290 2955 81.
305 2903 509 2972 Metropolitae,
525 2901 641 2970 primum
661 2903 753 2955 eoderu
767 2902 810 2954 usi
824 2899 948 2963 consilio,
963 2898 1057 2951 iisdem
1069 2915 1121 2965 per-

176 2970 243 3024 moti
258 2974 424 3039 rumoribus,
441 2982 531 3043 portas
548 2974 701 3025 cluuscmut
713 2988 853 3054 murosque
864 2969 971 3022 armatis
990 2969 1121 3036 conplere-

175 3047 251 3093 runt:
268 3043 313 3093 sed
329 3050 433 3109 postea,
450 3061 513 3096 casn
531 3041 645 3094 civitatis
659 3041 834 3107 Gomphensis
847 3038 951 3108 cognito
964 3055 997 3090 ex
1011 3035 1122 3104 captivis,

177 3111 345 3178 quosCaesar
356 3113 391 3163 ad
402 3130 508 3165 murum
520 3111 699 3179 producendos
711 3115 859 3172 curaverat,
864 3114 952 3176 portas
964 3113 1121 3174 aperueruut.

177 3178 280 3246 Quibus
291 3180 490 3248 diligentissime
503 3179 678 3242 conservatis,
695 3180 799 3231 conlata
811 3179 915 3230 iortuua
933 3175 1121 3243 Metropolitum

177 3266 239 3300 eum
253 3264 316 3301 casu
328 3250 553 3316 Gomphensium,
568 3251 643 3302 nulla
658 3248 815 3301 Thessaliae
834 3247 884 3299 luit
903 3245 1009 3308 civitas,
1027 3251 1122 3312 praeter

176 3317 342 3380 Larissaeus,
359 3318 404 3384 qui
423 3321 530 3388 magnis
552 3317 710 3373 exercitibus
728 3316 857 3387 Scipionis
877 3315 1044 3377 tenebantur,
1066 3311 1121 3380 quin

177 3388 285 3442 Caesari
294 3394 416 3458 patescat
426 3395 505 3456 atque
517 3389 650 3456 imperata
660 3389 786 3444 iacerent.
818 3386 885 3449 Ille,
901 3382 1120 3456 segetisdduucuu
