2317 3809
150 181 224 268 aaa
432 207 505 265 na
521 197 814 264 marociam

215 349 259 405 28.
275 349 373 405 lisdem
390 347 552 418 cauponum
566 348 597 402 U.
615 346 712 411 (lucio,
736 345 766 400 iu
786 345 906 403 autum
924 349 1061 418 proiectus
1081 367 1125 404 ex

148 419 256 486 Sicilia,
274 427 301 474 et
312 420 367 474 iam
382 421 416 472 ab
425 419 502 472 initio
512 417 602 486 copias
611 417 642 474 Ρ.
654 415 721 470 nuit
732 417 796 470 Vari
806 417 967 486 despiciens,
984 420 1051 472 duas
1070 421 1125 473 le-

148 490 240 560 giones
256 507 288 542 ex
303 495 423 558 quatuor,
439 503 505 558 quas
518 504 535 540 a
548 488 661 540 caesare
671 491 814 553 acceperat,
825 492 854 540 et
867 487 1022 558 quingentos
1033 490 1124 555 equi·

148 568 188 612 tes
204 560 413 628 transportabat3
438 558 571 624 biduoque
588 561 616 608 et
634 555 754 608 noctibus
764 555 849 609 tribus
860 557 1032 642 navigatione
1045 575 1123 610 mn-

148 629 255 692 sumtis,
280 629 382 697 adpulit
400 627 435 680 ad
452 642 514 679 eum
532 628 637 689 locum,
655 624 701 692 qui
713 625 862 692 adpellatur
872 626 1019 694 Aquilaria.
1054 627 1122 679 Hic

148 699 222 752 locus
232 699 306 752 abest
321 715 338 750 u
348 695 452 764 Clupeis
464 711 589 763 passuum
604 694 681 747 XXII
694 693 780 759 milia,
798 694 930 763 habetque
942 711 994 748 non
1005 695 1122 748 incom-

148 768 256 820 modam
266 773 365 820 aestate
378 764 516 818 stationem
527 770 553 817 et
565 764 666 816 duobus
673 763 847 816 armantibus
852 764 1038 832 promontoriis
1046 781 1121 817 cou-

147 835 254 889 tinetur.
288 835 375 889 liuius
388 834 529 888 adventum
539 834 569 886 Is.
586 833 684 886 Caesar
693 833 766 885 lilius
779 847 841 885 cum
852 834 943 887 dacaru
958 832 1051 902 longis
1061 851 1121 887 ua-

148 906 229 958 nnus
241 906 275 959 ad
288 907 415 972 clupeam
429 904 598 970 praestolans,
615 917 681 969 quas
690 918 771 955 naves
780 902 884 967 Uticae,
902 920 934 956 ex
945 902 1120 971 praedonum

148 975 220 1052 bollo
234 975 383 1038 subductus,
390 975 421 1026 P.
429 971 514 1025 Atius
526 971 679 1026 reficiendas
688 971 768 1025 lanius
778 970 844 1024 belli
854 988 947 1025 caussa
958 979 1118 1035 curaverat,

149 1044 298 1110 veritusque
309 1042 417 1096 navium
429 1041 627 1094 multitudinem
641 1057 673 1092 er
683 1042 737 1095 ulto
747 1041 890 1110 refugerat,
904 1042 1118 1109 adpulsaquead

148 1111 299 1181 proximum
312 1111 386 1165 littus
399 1111 506 1164 trireme
527 1115 660 1164 consta-atu
670 1116 698 1162 et
717 1109 745 1162 iu
768 1109 858 1163 littore
867 1108 977 1174 reluta,
994 1111 1115 1178 pedibus

149 1183 324 1235 adrumetum
343 1181 509 1251 profugerat:
533 1179 574 1247 (id
586 1179 711 1248 oppidum
722 1179 752 1232 (i.
768 1179 901 1232 Uentidius
910 1180 1020 1250 Longus
1028 1181 1117 1233 unius

148 1253 159 1304 l
194 1251 261 1304 'onis
284 1250 414 1320 praesidio
435 1251 590 1316 tuebaturt)
613 1248 732 1316 reliquae
742 1249 862 1305 Cumanis
873 1265 954 1301 noves
971 1248 1029 1301 eiua
1043 1251 1117 1320 iuga

141 1321 171 1373 'A
191 1326 322 1373 rumetum
336 1336 364 1372 sa
374 1325 533 1387 receperunt.
567 1319 646 1372 Hune
657 1324 761 1370 secutus
773 1319 811 1370 bl
824 1317 1052 1386 liutusQuuestor
1062 1336 1117 1371 ua-

149 1389 228 1442 vinus
247 1389 401 1453 duodecim,
417 1403 482 1456 quas
496 1384 628 1453 praesidio
640 1387 767 1440 oamariis
777 1387 889 1440 navibus
898 1387 980 1440 curto
991 1403 1025 1439 ex
1038 1387 1115 1440 Sici·

148 1459 189 1511 lia
200 1459 332 1523 eduxerat,
348 1463 487 1527 postquam
497 1455 525 1508 iu
537 1455 626 1508 littore
638 1455 760 1508 relictam
771 1473 868 1510 navem
880 1456 1021 1524 conspexit,
1038 1457 1115 1510 bunc

148 1529 267 1582 remulco
281 1527 424 1580 abstruxit:
442 1527 498 1594 ipse
512 1525 547 1578 ad
561 1523 702 1577 Gnriouem
713 1543 775 1578 cum
786 1527 871 1579 classe
882 1525 959 1578 redit

217 1595 261 1649 24.
284 1595 364 1648 Curio
382 1596 503 1648 Murcum
521 1593 628 1646 Uticam
647 1593 758 1646 navibus
769 1594 926 1663 praemittite
942 1594 1000 1662 ipse
1013 1592 1113 1645 eudem

149 1681 209 1718 cum
229 1665 343 1718 exercitu
359 1661 546 1733 proficiscitur,
569 1661 695 1730 biduique
715 1662 766 1716 iter
778 1680 946 1734 progressus,
962 1664 998 1716 ad
1008 1661 1113 1714 flumen

148 1735 301 1803 Bagradam
312 1734 446 1804 pervenit=
461 1733 500 1787 ibi
516 1734 544 1787 G.
559 1732 698 1786 Caninium
709 1733 835 1786 Rebilum
850 1734 980 1802 Legatum
990 1747 1056 1784 cum
1069 1734 1111 1784 le·

149 1802 272 1872 gionibus
285 1803 425 1872 relinquit3
442 1803 499 1871 ipse
511 1819 572 1862 urm
586 1803 704 1870 equitatu
719 1802 849 1857 antecedit
861 1803 896 1856 ad
911 1809 997 1859 cestra
1017 1803 1112 1870 explo-

149 1873 232 1926 raude
251 1873 387 1939 Cornelia,
406 1873 476 1941 quod
489 1871 512 1926 is
522 1870 596 1925 loeus
611 1871 766 1940 peridoneus
779 1871 872 1926 eastris
882 1871 1042 1924 habebatur.
1081 1869 1111 1923 ld

149 1949 239 1995 autem
255 1948 294 1995 est
316 1942 411 2012 iugum
424 1941 569 2007 dimotum,
588 1941 705 1994 auiuens
720 1941 748 1994 iu
764 1957 852 2006 mare,
863 1946 975 2008 unaque
986 1957 1020 1992 ex
1033 1947 1112 2007 purte

149 2016 319 2080 praeruptum
331 2017 409 2079 atquc
421 2027 559 2080 asperum,
576 2012 623 2062 sed
634 2014 724 2063 tamen
734 2011 825 2079 paullo
835 2009 935 2063 leniore
946 2009 1061 2080 lastigie
1076 2011 1111 2061 ab

125 2101 128 2112 ·
149 2095 182 2132 ea
202 2087 291 2148 parte,
309 2095 377 2148 quae
391 2081 426 2132 ad
439 2080 545 2132 Uticam
561 2079 658 2148 vergit.
691 2080 773 2133 dbest
784 2079 886 2132 directo
894 2079 987 2133 itinere
999 2081 1035 2132 ab
1048 2078 1112 2130 Uti-

149 2165 182 2201 ca
198 2150 289 2217 paullo
307 2149 421 2217 amplius
435 2165 560 2216 passuum
574 2149 648 2202 mn‘lc.
680 2149 733 2202 Sed
744 2150 797 2202 lnuc
805 2148 900 2202 itinere
913 2151 953 2202 est
961 2149 1038 2212 tous,
1056 2163 1111 2214 quo

149 2233 224 2271 mare
242 2217 358 2271 succedit
377 2217 496 2286 longius,
518 2219 625 2285 lateque
637 2217 661 2270 is
671 2218 747 2272 locus
757 2224 907 2288 restagnata
929 2233 1009 2286 quem
1024 2215 1050 2270 si
1064 2216 1111 2284 qui

148 2286 235 2340 vitare
244 2285 373 2351 voluerit,
389 2303 435 2340 sex
446 2287 551 2339 milium
564 2286 676 2355 drcaitu
688 2287 717 2340 iu
731 2289 856 2356 oppidum
867 2285 1009 2356 perveniet.

220 2353 264 2408 25.
289 2357 350 2408 Hoc
362 2355 497 2424 explorato
509 2357 586 2421 loeo,
603 2356 684 2410 Umio
698 2364 786 2410 casua
796 2357 860 2410 Vari
875 2355 1015 2424 conspicit,
1030 2369 1112 2407 mure

151 2425 298 2493 oppidoque
317 2423 468 2492 coniuncta,
494 2425 529 2478 ad
547 2430 666 2494 portani,
683 2440 752 2494 quae
765 2427 913 2495 adpellatur
923 2423 1042 2489 Bellica,
1062 2424 1112 2476 ed-

150 2497 259 2548 modum
272 2493 373 2547 munita
385 2494 560 2548 naturadocic
574 2510 629 2548 mia
637 2513 670 2548 ex
681 2501 757 2563 parte
767 2494 824 2565 ipso
835 2495 932 2563 oppido
945 2495 1032 2559 Utica,
1040 2495 1111 2545 alte-

150 2565 338 2628 anathemo,
354 2564 475 2632 quodcst
485 2569 545 2617 ante
555 2566 689 2633 oppidum,
705 2564 940 2619 substructionibus
950 2562 1008 2616 eius
1021 2562 1111 2630 operis

151 2632 274 2687 maximis
287 2632 360 2686 aditu
372 2632 405 2684 ud
419 2638 505 2686 castra
518 2633 623 2687 difficili
635 2641 662 2687 et
673 2639 794 2704 angusto.
817 2633 904 2687 stmul
913 2631 1111 2694 anuuadvertit,

151 2700 236 2756 multa
248 2701 363 2770 undique
374 2703 473 2769 portari
486 2708 564 2772 atque
576 2704 623 2772 agi
634 2701 794 2771 plenissimis
806 2703 873 2769 viis,
894 2717 962 2770 quae
979 2700 1109 2769 repentini

151 2773 280 2826 tumultus
293 2771 388 2826 timore
402 2789 434 2824 cx
447 2773 519 2841 agris
529 2773 557 2824 iu
570 2774 664 2826 urbem
677 2773 851 2827 conluantur.
884 2773 947 2825 linc
962 2771 1109 2838 equitatum

151 2839 247 2904 mittit,
264 2845 294 2894 ut
308 2841 433 2914 diriperet
444 2847 521 2910 utque
534 2841 645 2895 baberet
655 2843 715 2895 loco
728 2843 852 2911 praedae.
875 2842 1028 2908 Eodemque
1041 2844 1109 2893 tem·

151 2925 216 2980 porc
226 2909 270 2962 lais
281 2911 360 2963 rebus
372 2912 487 2964 subsidio
500 2912 614 2964 sexcenti
625 2911 725 2980 equites
737 2911 868 2965 Numidae
882 2927 915 2964 ex
928 2910 1026 2978 oppido
1034 2907 1109 2976 padi·

151 2983 242 3045 terque
260 2978 370 3046 quadriu
406 2981 444 3033 nti
466 2980 604 3034 mittuntur
619 2997 637 3033 a
655 2981 743 3047 Varo,
760 2998 826 3050 quos
838 2979 933 3034 auxilii
945 2995 1038 3033 caussa
1050 2979 1109 3030 Bet

151 3049 219 3102 Iuba
229 3047 320 3116 paucis
332 3048 375 3100 die
393 3062 424 3102 us
438 3056 499 3103 ante
511 3049 743 3106 Uticammiserut.
776 3050 849 3104 lluie
860 3055 887 3104 et
899 3055 1038 3118 paternum
1057 3048 1108 3099 lno-

151 3116 259 3186 spitium
280 3133 340 3170 curu
358 3118 485 3186 Pompeio
510 3124 536 3172 et
555 3119 676 3172 simultas
702 3136 763 3173 cnm
780 3119 894 3174 Uufionc
917 3117 1107 3178 intercedebat3

90 3205 92 3209 ·
151 3185 223 3254 quod
242 3185 376 3238 Tribunus
394 3187 479 3252 plebis
494 3189 583 3257 legem
596 3189 829 3258 promulgaverat,
845 3202 899 3259 qua
910 3189 971 3258 lege
983 3187 1107 3257 Regnum

150 3255 233 3308 lubae
242 3253 430 3322 publicaverat.
452 3257 616 3311 Concurrunt
628 3257 728 3326 equites
740 3257 809 3311 inter
818 3276 864 3324 se,
880 3273 965 3326 neque
976 3272 1041 3310 vero
1052 3254 1105 3322 pri·

151 3338 225 3376 mum
236 3323 352 3390 inpetum
366 3327 516 3377 uestrorum
528 3325 659 3380 Mutuo
670 3327 742 3380 terre
752 3334 908 3396 potuerunt:
922 3327 984 3392 sed,
999 3325 1107 3378 interit·
1138 3374 1141 3385 .

152 3391 315 3448 &circiter
325 3391 548 3461 exinanistis
559 3395 731 3453 luoemad
742 3397 869 3467 oppidum
886 3398 1049 3466 recepemt
1062 3394 1106 3449 1u0
