2317 3809
8 443 11 510 ¹

375 237 454 290 mn.
473 237 557 290 GAP.
575 236 698 292 28-32.
775 236 779 246 ’
950 233 1012 299 281

132 377 175 430 31.
193 377 296 444 Quibus
317 375 395 428 rebus
412 375 537 444 cognitis,
562 338 662 430 Caesar
672 378 745 431 iubet
755 377 866 446 milies,
882 377 928 447 qui
940 386 1015 438 extra

61 446 220 500 munitiones
239 445 432 514 processerunt,
456 445 551 514 quique
570 446 726 514 pabulandi,
749 454 796 500 aut
810 449 946 518 lignandi,
968 455 1016 506 aut

8 557 9 562 ¹
61 517 144 570 etium
157 515 290 568 muniendi
302 514 390 582 gratia
402 515 501 566 vallem
512 513 648 584 petierant,
657 515 752 584 quique
765 518 799 569 ad
814 535 873 570 eam
885 537 1014 586 remopue

61 592 146 650 eraut,
160 603 249 638 ornnes
263 583 333 636 intra
344 583 500 652 munitiones
514 585 663 638 minutatim
672 587 838 654 modesteque
849 587 906 640 sine
915 589 1014 642 tamul-
1047 585 1061 604 '

60 663 91 707 tu
103 661 149 707 aut
161 661 261 706 terrore
269 671 296 704 se
306 653 422 720 recipere
432 660 509 720 atque
522 654 548 705 in
561 668 640 722 opere
651 654 803 708 consistere:
821 655 950 724 equitibus
966 675 1015 710 au·

60 730 132 788 tem,
150 723 233 790 quiin
248 722 358 776 statione
371 723 491 787 fuerant,
507 725 643 792 praecipit,
661 731 691 778 ut
703 741 785 792 mque
798 743 829 777 eo
840 728 929 778 locam
944 727 1014 779 obti-

59 797 165 856 nerent,
183 792 210 846 in
225 810 275 860 quc
289 793 379 860 paullo
394 800 454 844 aute
467 793 656 858 constitissent,
672 795 754 846 donec
765 795 799 846 ab
812 796 890 848 hoste
902 795 1013 850 missum

59 864 144 915 telum
155 864 189 914 ud
202 881 229 914 se
242 861 400 928 perveniret:
417 861 485 927 quod
499 861 521 912 si
532 863 637 928 propias
647 862 822 928 accederetur,
838 881 918 931 quam
930 866 1014 918 lione-
1122 883 1125 888 ·
1155 912 1156 920 ,

58 931 174 985 stissime
185 950 213 983 se
222 932 291 984 intra
304 929 460 982 munitiones
471 931 623 997 reciperent
640 932 693 984 Alii
705 949 808 999 quoque
820 933 947 1001 equitabri
957 934 1013 986 edi-

59 1001 115 1065 cit,
140 1001 179 1053 uti
190 1018 238 1053 suo
254 1001 362 1068 quisque
376 1000 435 1052 loco
450 1009 556 1066 paratus
571 1011 739 1072 armatusque
752 1011 856 1070 praesto
869 1009 944 1055 esset.
978 1003 1013 1057 At

57 1072 128 1124 haec
141 1089 192 1122 nou
205 1070 260 1138 ipse
273 1088 319 1137 per
330 1087 358 1120 sa
372 1085 470 1134 corum,
479 1086 559 1136 quum
572 1070 606 1122 de
618 1072 689 1122 vallo
705 1074 947 1139 prospeculareturp
966 1070 1012 1126 sed

57 1139 178 1192 mirabili
200 1139 300 1208 peritus
320 1138 428 1190 scientia
440 1138 572 1202 bellandi,
589 1138 617 1190 in
628 1139 764 1192 Praetorio
774 1141 878 1204 emens,
894 1159 942 1208 per
952 1159 1012 1210 epe·

57 1211 188 1262 celatores
200 1217 226 1261 et
237 1207 344 1260 nuncios
355 1207 511 1275 imperabat,
519 1208 773 1276 quaelierivolebat:
786 1209 1011 1264 animadvertebat

56 1279 147 1344 cuim,
168 1294 328 1346 quamquam
349 1276 453 1346 magnis
470 1285 555 1330 essent
574 1278 655 1345 copiis
669 1279 814 1349 adversarii
827 1279 904 1341 freti,
921 1287 1011 1332 nmen

56 1365 137 1415 saepe
151 1365 168 1400 a
183 1347 336 1415 seiugatis,
354 1344 435 1412 pulsis
450 1347 652 1414 perterritisque,
669 1356 696 1400 et
709 1365 860 1401 concessam
873 1349 965 1410 vitam.
983 1357 1011 1404 et

55 1417 151 1488 ignota
162 1423 283 1484 peccata3
301 1415 395 1482 quibus
408 1416 485 1468 rebus
501 1434 643 1483 numquam
653 1422 885 1485 tauta'suppeteret
895 1437 927 1470 ex
938 1418 1009 1485 ipso-
1066 1423 1070 1426 ’

54 1505 118 1540 rum
134 1485 228 1538 inertia
239 1484 447 1552 conscientiaque
462 1484 544 1538 animi
556 1486 684 1538 vitoriae
695 1486 806 1551 fiducia,
823 1495 853 1540 ut
865 1496 1010 1541 eastrasua

54 1554 158 1610 adoriri
177 1555 309 1608 auderent.
349 1555 490 1606 Praeterea
510 1555 592 1622 ipsius
602 1572 695 1607 nomen
706 1555 1010 1626 auctoritasquemagua

7 1623 8 1626 ’
54 1645 87 1678 ex
102 1629 177 1693 parte
188 1641 279 1676 eorum
292 1623 418 1675 exereitus
430 1621 566 1677 minuebat
579 1624 735 1677 audaciam:
750 1632 807 1677 tum
820 1626 1009 1694 egregiaenm-

53 1695 173 1748 uitiones
184 1700 330 1746 castrorum
341 1697 367 1743 et
376 1691 448 1745 ΙιιιΙΙὶ
463 1691 647 1760 fossarumque
659 1692 770 1744 altitudo
781 1701 808 1744 et
821 1702 895 1746 extra
905 1697 1009 1748 vallum

53 1763 109 1818 stili
130 1761 216 1824 caeci,
239 1760 390 1814 mirabilem
413 1761 441 1812 in
459 1763 568 1814 modum
588 1761 696 1824 consiti,
709 1761 1009 1816 adsinedeiensoribae

53 1834 157 1887 aditum
179 1830 336 1884 adversariis
354 1827 536 1900 prohibebant.
585 1829 773 1896 scorpionum,
807 1835 1008 1898 mtapulturuur,

52 1911 253 1968 ceterorumque
266 1901 394 1964 telorum,
413 1915 480 1965 quae
491 1899 525 1950 ad
536 1900 723 1951 defendendum
733 1900 817 1950 solent
830 1901 934 1964 parari,
947 1919 1007 1952 ura-

52 1989 138 2043 gnam
157 1969 259 2038 copiam
279 1969 405 2022 babebat.
437 1967 523 2034 Atque
537 1969 606 2020 baec
616 1967 863 2035 propterexereitas
876 1970 1006 2036 suiprae-

51 2039 134 2096 sentis
153 2041 315 2107 paucitatem
334 2046 360 2090 et
381 2037 531 2090 tirocinium
548 2044 764 2105 praeparaveram
800 2052 867 2101 nou,
889 2039 1007 2094 bostium

6 2155 7 2176 ,
51 2112 81 2164 vi
94 2116 121 2162 et
131 2115 204 2161 metu
217 2113 370 2170 commotus,
378 2105 517 2174 potientem
526 2124 556 2158 se
572 2105 746 2172 timidumque
759 2104 874 2158 bostiam
889 2106 1007 2176 opinioni

6 2195 8 2240 t
51 2180 205 2249 praebebat.
238 2177 328 2244 Neque
344 2176 440 2228 idcirco
451 2176 549 2242 copias,
568 2182 814 2243 quemqnam-ot
828 2176 1005 2242 nemetim-
1062 2215 1065 2222 -

6 2245 7 2310 J
51 2265 178 2314 numque,
190 2263 242 2299 nou
256 2243 382 2298 educebat
394 2243 520 2310 inuelem,
531 2244 734 2312 qnodrictoriae
746 2243 1006 2311 emmunitatem

51 2318 99 2371 aed
119 2318 219 2369 reterre
235 2313 427 2380 arbitrabatur,
451 2314 596 2368 cuiusmodi
607 2313 718 2366 victoria
731 2321 799 2367 esset
809 2315 915 2366 lutura:
930 2322 1007 2382 tempe

6 2431 8 2442 ,
51 2385 126 2442 enim
146 2384 197 2438 sibi
212 2383 395 2447 existimabat,
417 2390 456 2436 tat
473 2385 550 2436 rebus
559 2383 640 2452 gestis
650 2383 780 2450 tantisque
792 2383 948 2436 exercitibus
959 2385 1006 2438 de·

51 2455 148 2517 victis,
166 2459 205 2506 tot
219 2462 275 2505 tarn
289 2453 369 2504 eloris
381 2451 496 2506 victoriis
507 2453 599 2520 partis,
616 2453 651 2504 ab
666 2451 775 2519 reliquis
785 2453 870 2519 copiis
882 2453 1006 2505 adversm

51 2525 155 2577 riorum
167 2540 291 2587 suorum,
307 2541 339 2574 ex
353 2523 419 2589 iuga
431 2521 569 2585 conlectis,
587 2531 759 2574 sect-acutam
780 2523 903 2588 adeptum
916 2521 1005 2574 existi*

50 2593 124 2647 mari
141 2591 287 2644 victoriam.
327 2592 419 2656 unque
430 2589 615 2652 constituerat,
630 2589 748 2658 gloriam
758 2591 1005 2659 exsultationemque

51 2679 145 2718 eorum
161 2660 232 2728 pati,
250 2661 332 2712 donec
347 2657 397 2712 sibi
410 2667 593 2714 veteranarum
604 2659 740 2730 legionum
754 2677 817 2728 pars
829 2660 920 2727 aliqum
929 2659 1004 2712 iose-
1036 2676 1041 2684 ’

50 2731 137 2786 cundo
150 2736 300 2785 commeatu
313 2727 474 2781 occurrisset.

122 2797 166 2852 32.
184 2797 273 2866 Scipio
286 2797 398 2862 iuterim,
414 2796 566 2864 paullisper,
579 2801 612 2850 ut
621 2803 684 2850 aute
691 2795 753 2860 diri,
770 2796 799 2849 ia
810 2814 842 2849 ea
855 2797 915 2850 laco
928 2814 1002 2850 com·

48 2875 185 2931 moratus,
201 2875 230 2920 ut
242 2867 317 2934 quasi
327 2865 473 2934 despexisse
486 2867 627 2920 Gaesarem
645 2867 790 2930 uum,
806 2865 944 2932 paullatim
959 2880 1012 2920 re-‘

13 2941 19 2946 '
48 2938 125 2991 ducit
137 2953 198 2990 suas
211 2935 299 3004 copias
309 2935 336 2988 in
349 2943 436 2988 castra
448 2941 488 2999 et,
505 2935 632 2988 concione
642 2935 786 3000 advocata,
801 2935 834 2986 de
847 2942 946 2988 terrore
952 2955 1001 2990 sno

48 3004 282 3076 desperationeque
290 3004 417 3058 exercitus
428 3004 547 3056 Caesaris
561 3005 644 3055 verba
653 3003 718 3056 iecit
731 3009 766 3068 et,
771 3005 1002 3071 cohortatussuos,

47 3075 189 3129 uictoriam
203 3073 337 3142 propriam
350 3091 377 3126 se
393 3071 430 3126 eis
443 3073 519 3125 breti
536 3075 659 3125 daturum
670 3071 815 3140 pollicetur.
849 3073 947 3126 Caesar
960 3073 1001 3128 in·

47 3146 95 3199 bet
115 3140 213 3197 milites
232 3161 322 3196 rursus
342 3143 375 3193 ad
394 3159 458 3208 opas
471 3141 557 3194 redire
569 3146 612 3204 et,
629 3157 676 3207 per
687 3158 807 3193 caussam
817 3143 1000 3208 munitionum,

47 3214 148 3266 tirones
169 3211 195 3265 in
213 3213 304 3274 labore
324 3211 471 3279 defatigare
487 3228 538 3262 nou
558 3209 714 3262 intermittit.
747 3211 854 3263 Interim
870 3213 1000 3266 Numidae

48 3281 210 3350 Gaetulique
229 3281 360 3350 diffugere
378 3277 495 3346 quottidie
512 3295 542 3330 ex
561 3279 654 3330 castris
666 3278 794 3346 Scipionis
806 3291 848 3346 et,
864 3282 961 3349 partim
972 3282 1000 3334 iu

47 3353 174 3420 Regnum
191 3369 219 3404 so
231 3351 357 3413 conferre,
373 3348 480 3418 partim,
498 3348 566 3414 quud
576 3346 627 3414 ipsi
639 3347 805 3415 maioresque
817 3367 908 3403 eorum
921 3351 998 3402 bene-

46 3421 112 3474 ficio
130 3421 159 3474 (l.
173 3420 257 3474 Marii
269 3419 309 3472 usi
323 3419 628 3484 fuissentcnosorenqno
647 3417 705 3470 eius
717 3418 831 3472 &finem
843 3437 899 3494 mee
908 3419 999 3472 audie·
