2317 3809
175 198 214 260 10
436 202 491 257 DE
507 200 649 256 anuto
667 202 848 261 enuulco
937 262 941 271 ¹

74 400 77 407 ,
174 340 288 397 exercitu
299 340 458 395 frumentum
470 341 559 397 metiri
572 345 710 410 oporteret,
725 346 752 394 et
765 341 835 409 quod
850 357 868 393 a
877 338 1009 403 Bibracte,
1024 339 1126 406 oppido

173 413 322 465 Aeduorum
336 413 414 479 longe
428 412 541 463 maximo
557 420 585 463 et
599 410 790 478 copiosissimo,
814 428 865 461 nnn
882 410 994 475 amplius
1012 409 1126 462 milibus

173 498 297 549 passuum
310 480 501 543 lll'lllalscrat,
518 481 557 531 rei
571 480 756 532 frumentariae
769 479 974 546 prospiciendum
987 478 1127 531 existima·

173 551 227 614 vit,
250 550 300 601 iter
319 550 352 601 ab
372 549 501 601 Heluetiis
518 550 613 601 avertit
627 566 658 601 ac
670 549 793 600 Bibracte
805 549 843 601 irc
854 548 991 599 contendit.
1012 549 1066 607 ,Ea
1079 565 1127 599 res

173 636 220 687 por
235 617 359 687 fugitivos
372 618 401 669 L.
418 618 541 681 Aemilii,
564 618 710 670 decurionis
725 618 842 684 equitum
860 618 1014 677 Gallorum,
1036 616 1126 667 hosti-

174 690 223 742 bus
236 686 379 739 nunciatur.
414 687 544 749 Helvetii,
560 704 607 739 seu
620 688 689 754 quod
707 687 801 738 timore
820 685 970 753 perterritos
988 686 1126 735 Romanos

174 757 306 809 discedere
317 772 334 807 a
345 772 372 806 se
385 755 574 820 existimarent,
591 773 622 807 eo
637 756 740 824 magis,
755 757 824 821 qnod
838 754 929 821 pridie,
945 753 1126 820 superioribus

174 824 238 879 locis
251 823 394 889 occupatis,
411 826 539 889 proelium
557 842 608 876 non
625 824 837 886 commovissent3
862 824 918 875 sire
936 828 987 885 eo,‘
1005 824 1075 891 quod
1092 840 1125 874 re

173 892 346 947 frumentaria
357 892 492 945 intercludi
502 910 577 960 posse
590 894 761 945 condiderant:
778 899 936 944 commutato
949 891 1057 943 consilio
1080 897 1125 942 at-

175 980 225 1031 que
239 962 332 1013 itinere
344 976 484 1025 converso,
500 969 602 1015 nostros
614 979 631 1013 a
641 962 784 1015 novissimo
803 962 909 1031 agmine
921 960 1022 1027 insequi
1034 977 1066 1012 ac
1080 962 1124 1013 la·
1150 1007 1151 1010 ,

175 1048 274 1085 wetere
285 1034 432 1096 coeperunt.
1147 1041 1151 1049 '

243 1098 286 1151 ²4.
305 1100 446 1165 Postquam
464 1098 491 1150 id
512 1098 629 1151 animum
647 1098 771 1162 advertit,
794 1097 883 1165 copies
900 1114 960 1149 suas
980 1097 1078 1149 (laem
1092 1096 1124 1148 in

173 1168 323 1253 proximum
338 1170 433 1221 collem
444 1167 575 1230 subducit,
594 1166 794 1235 equitatumque,
811 1166 856 1233 qui
863 1167 999 1222 sustineret
1005 1166 1128 1221 isontium

173 1243 303 1305 inpetum,
321 1236 399 1290 misit.
432 1238 490 1303 Ipse
503 1237 608 1289 interim
618 1237 644 1288 in
658 1238 726 1288 colle
737 1238 823 1289 medio
840 1235 968 1302 triplicem
982 1235 1065 1286 eciem
1080 1235 1124 1285 in-

173 1306 267 1361 struxit
281 1305 415 1374 legionum
425 1312 537 1371 quatuor
549 1313 740 1368 veteranarum,
756 1306 807 1367 ita,
824 1305 863 1355 uti
878 1320 956 1371 supra
970 1322 998 1355 se
1009 1305 1036 1355 in
1049 1320 1125 1354 sasn-

114 1402 116 1409 ’
174 1392 219 1429 mo
233 1376 297 1443 iugo
312 1376 376 1426 duas
387 1374 515 1443 legiones,
541 1391 606 1441 quas
628 1374 656 1426 iu
676 1375 765 1426 Gallia
785 1373 906 1427 citeriore
923 1372 1040 1439 proxime
1058 1390 1125 1422 con-

174 1444 325 1511 scripserat,
343 1449 369 1495 ct
382 1443 469 1495 omnia
483 1443 581 1495 auxilia
595 1444 753 1495 conlocaret:
771 1460 802 1506 nc
815 1450 897 1493 totrun
909 1449 1023 1493 montem
1033 1441 1125 1491 isenri-

173 1513 251 1565 nibus
265 1513 390 1577 comple'ri
403 1518 429 1564 et
441 1512 540 1567 interea
551 1512 666 1564 sarcinas
678 1511 705 1563 in
717 1529 799 1564 unum
811 1513 897 1563 locum
908 1510 1020 1561 conferri
1028 1519 1053 1561 et
1061 1527 1125 1561 eum

174 1584 209 1635 ab
222 1578 277 1645 lsis,
295 1580 380 1647 quiin
397 1581 530 1647 superiore
547 1581 604 1633 acie
620 1581 810 1645 ‹constiterant,¹
823 1580 920 1631 muniri
940 1578 1022 1630 iussit.
1054 1579 1125 1630 Hel-
1152 1637 1153 1640 Ἴ

174 1650 254 1713 vetii,
271 1668 331 1701 cum
346 1652 466 1701 omnibus
478 1650 532 1701 siris
544 1650 627 1701 carris
638 1650 733 1714 secuti,
751 1650 924 1716 inpedimenta
938 1648 967 1699 in
985 1663 1066 1699 unum
1082 1647 1126 1697 lo-
1152 1691 1153 1714 Ξ

174 1736 236 1772 cum
246 1720 422 1771 contulerunt:
440 1718 505 1785 ipsi,
522 1719 711 1770 coniectissima
725 1719 783 1770 acio
792 1720 889 1770 reiecto
901 1722 989 1769 nostro
998 1716 1125 1783 equitatu,

174 1788 307 1857 phalange
322 1790 404 1851 iactu,
421 1789 469 1838 suis
481 1787 594 1855 primam
608 1793 722 1839 noenum
735 1787 820 1839 aciem
831 1791 1014 1837 successerunt.

243 1856 287 1911 25.
306 1858 417 1920 Caesar,
434 1856 548 1923 primum
560 1874 623 1919 suo,
641 1856 733 1907 deinde
747 1856 864 1908 omnium
878 1873 909 1905 ex
928 1858 1065 1920 conspeetu
1082 1869 1126 1904 re·

175 1926 254 1979 motis
275 1927 362 1993 equis,
386 1932 416 1977 ut
432 1932 543 1992 aequato
563 1925 680 1976 omnium
695 1925 812 1991 periendo
829 1942 900 1991 spem
916 1924 997 1991 togae
1012 1923 1127 1985 tolleret,

177 1998 327 2047 cohortatus
337 2012 408 2058 suos,
425 1996 554 2061 proelium
569 1994 708 2046 commisit.
741 1994 855 2055 Milites,
872 2010 888 2043 e
911 1992 969 2043 loco
990 1991 1127 2057 superiore

177 2064 238 2131 pilis
250 2050 344 2125 missis,
360 2064 437 2115 lacile
448 2065 562 2116 hostium
569 2065 729 2132 phalangem
744 2064 931 2130 perfregerunt.
956 2062 997 2111 Ea
1007 2060 1126 2121 disiecta,

177 2130 274 2201 gladiis
284 2129 410 2180 destrictis
424 2132 451 2179 in
465 2150 508 2184 eos
519 2134 636 2200 inpetum
647 2135 770 2185 iecerunt.
805 2130 889 2182 Gallis
904 2145 1002 2211 magno
1022 2129 1057 2180 ad
1074 2144 1127 2193 pu·

177 2204 325 2269 guomerat
347 2196 535 2262 inpedimento,
551 2203 637 2264 quod,
655 2201 772 2267 pluribus
789 2216 880 2251 eorum
898 2208 977 2250 scutis
997 2214 1051 2247 uno
1070 2196 1128 2247 ictu

177 2267 292 2337 pilorum
305 2264 434 2317 transfixis
448 2271 474 2316 ct
488 2266 640 2333 conligatis,
657 2286 738 2335 quum
749 2271 849 2320 lerrsuu
860 2286 889 2319 ee
907 2266 1061 2327 inflexisset,
1079 2282 1127 2316 nc-

177 2336 367 2405 quccsellerc‘‚
384 2350 480 2399 neque,
499 2330 603 2385 sinistra
615 2334 746 2399 inpedita,
768 2336 831 2389 ratis
854 2337 990 2388 commode
1006 2350 1128 2402 pugnare

177 2410 310 2474 poterant;
327 2402 404 2453 multi
415 2408 443 2453 ut
456 2401 500 2453 diu
508 2402 604 2453 iactato
615 2402 724 2453 bruchio
737 2412 919 2471 praeoptarent
931 2412 1033 2456 scutum
1044 2419 1128 2455 nanu

92 2522 96 2535 ,
177 2474 297 2526 emittere
309 2476 335 2523 et
351 2470 419 2522 nudo
436 2487 544 2537 corpore
560 2487 684 2539 pugnare.
718 2472 838 2524 Tandem
856 2474 1009 2525 vulneribus
1027 2471 1126 2523 delessi

177 2549 204 2597 et
214 2542 306 2609 pedem
315 2540 413 2592 reierrc
421 2546 456 2602 et,
473 2541 542 2607 quod
557 2558 633 2591 mons
646 2541 752 2591 suberat
762 2542 865 2593 circiter
878 2542 941 2592 mile
953 2558 1126 2607 passuum,eo

177 2630 205 2663 se
227 2611 343 2678 recipere
360 2616 508 2675 coeperunt.
551 2610 633 2674 Capto
654 2615 741 2661 monte
757 2618 784 2661 et
807 2609 1000 2661 succedentibus
1020 2609 1126 2670 nostris,

177 2680 239 2732 Boii
247 2688 272 2730 et
284 2677 401 2746 Tulingi,
419 2678 464 2744 qui
475 2678 613 2729 hominium
624 2678 732 2730 milibus
740 2678 844 2731 circiter
853 2680 899 2729 xv
905 2696 1002 2747 agmen
1008 2678 1127 2729 hosfium

177 2749 331 2800 claudebant
346 2755 371 2798 et
383 2747 530 2798 nmissimis
543 2747 673 2813 pracsidio
685 2754 776 2807 erant,
792 2764 824 2799 ex
840 2747 933 2799 itinere
946 2754 1046 2799 nostros
1057 2748 1127 2798 late-

177 2834 208 2869 re
222 2824 311 2882 aperto
323 2816 455 2885 adgressi,
473 2816 678 2868 circumvenere:
695 2822 722 2866 ct
734 2815 762 2865 id
773 2816 914 2883 conspicati
928 2816 1060 2878 Helvetii,
1079 2815 1127 2883 qui

177 2884 206 2937 in
213 2890 327 2937 montom
338 2902 393 2935 sese
403 2891 559 2951 receperant,
576 2901 665 2936 sursus
675 2883 771 2937 instare
782 2893 809 2937 et
820 2885 949 2951 proelium
963 2885 1128 2952 redisstegra-

178 2970 208 3005 re
225 2958 370 3017 coeperunt.
405 2953 518 3004 Romani
532 2969 657 3005 conversa
671 2953 748 3021 signa
760 2954 883 3021 bipartito
894 2954 1053 3007 intuleruutr
1071 2954 1127 3019 pri·

178 3038 224 3074 ma
235 3036 266 3072 ac
278 3021 388 3085 secunda
401 3021 485 3085 acics,
502 3028 531 3079 ut
544 3022 620 3073 victis
632 3037 665 3077 ac
684 3024 812 3076 submotis
825 3023 971 3088 resisteret3
987 3022 1078 3087 tertia,
1096 3028 1127 3075 ut

178 3090 309 3141 venientes
321 3088 456 3155 exciperet.

248 3158 291 3209 26.
308 3159 348 3209 lta
355 3158 460 3223 ancipiti
467 3160 566 3226 proelio
575 3159 619 3211 diu
627 3165 704 3227 atque
712 3151 807 3213 acriter
821 3165 967 3229 pugnatum
979 3164 1025 3211 est
1058 3159 1127 3213 uto-

178 3226 230 3280 tius
243 3244 323 3293 quum
337 3233 481 3281 nostrorum
495 3228 596 3295 inpetus
606 3230 732 3282 sustinere
744 3248 795 3282 non
812 3236 928 3296 possent,
945 3228 1023 3280 alteri
1037 3246 1079 3291 se,
1097 3235 1128 3281 ut

179 3302 331 3361 coeperant,
348 3294 375 3345 in
386 3305 501 3348 montem
513 3306 677 3363 receperunt3
691 3299 771 3353 alteri
782 3300 817 3349 ad
832 3299 1007 3363 inpedimenta
1021 3302 1048 3347 et
1066 3314 1127 3349 car-

179 3382 225 3417 ros
243 3380 303 3417 suos
316 3381 345 3415 se
364 3365 535 3419 coutulerunt.
568 3366 638 3420 um
656 3368 709 3419 lsuc
720 3373 775 3420 toto
786 3367 902 3434 proelio,
917 3383 999 3433 quum
1008 3366 1043 3417 als
1057 3366 1127 3419 horu
