2317 3809
283 208 289 221 “
338 199 417 281 ἰιιι
435 224 482 279 ιιι
514 223 602 278 cnr.
619 191 743 280 ιιι-ιι.
772 285 775 288 ,
949 219 1013 284 att

53 373 120 430 trun,
136 382 171 419 cx
182 376 236 434 qua
250 369 366 428 venerut,
382 365 451 418 radit
462 362 553 432 ibique
560 381 642 432 prope
652 365 750 418 flumen
764 364 835 418 edito
849 369 942 420 nubum
955 365 1014 422 loen

54 445 146 489 tustra
157 437 254 502 premit.
288 435 384 487 Paucis
396 435 488 488 dicbus
499 434 674 502 interpositis,
692 441 770 488 noctu
781 434 887 488 insidias
897 435 1015 501 equitum

54 505 222 568 conlocavit,
238 521 292 572 quo
304 504 332 555 in
345 505 405 556 loco
419 503 598 573 superioribus
613 506 670 556 iere
684 503 775 556 dicbus
793 503 875 556 nostri
894 503 1016 570 pabulari

54 581 256 628 wmuevcrant.
280 575 322 636 Et,
331 591 413 640 quum
425 573 577 640 quotidiana
591 573 776 628 consuetudine
788 573 821 638 Q.
836 573 1015 636 iarunt’roe

56 647 145 698 iectus
157 643 276 710 equitnm
286 642 413 706 Domitii,
429 643 557 707 vcuisad,
573 642 661 694 subito
676 643 718 694 ilii
738 660 771 694 ex
790 642 891 696 insidiis
909 659 1017 694 consur-

55 723 200 776 rexerunt3
227 713 272 764 sed
283 712 365 764 nostri
379 712 482 764 fortiter
500 729 595 766 corum
610 712 728 778 inpetum
748 713 864 764 tulerunt
883 711 1017 764 celeriter-

55 800 112 851 que
124 783 161 834 ad
171 797 232 834 suos
246 781 355 848 quisque
368 781 472 834 ordines
484 780 564 834 rediit
575 789 654 849 atquc
668 783 738 834 uiuo
747 779 862 833 universi
880 779 908 832 iu
928 780 1018 834 hostes

55 855 179 919 inpetum
188 852 312 902 iecerunt
346 852 388 902 Ex
400 849 445 902 bia
460 850 565 903 circiter
580 851 716 919 octoginta
733 849 891 913 interiectis,
907 849 1018 918 reliquit

55 922 85 974 iu
106 922 203 988 fugam
221 919 362 984 coniectis,
378 919 478 983 nutri,
492 920 595 974 duobus
610 920 728 984 amissis,
744 919 773 974 in
792 927 879 972 castra
899 935 928 972 sc
943 935 1017 972 rece

56 999 172 1111 ΨὛΘ.
188 1057 328 1110 Hisrebua
338 1056 434 1127 gestis,
450 1056 596 1120 Domitius,
619 1073 726 1125 sperans
744 1055 894 1125 Scipionem
913 1056 948 1109 ad
966 1073 1016 1124 pn-

56 1145 145 1198 guam
156 1127 217 1180 clici
229 1145 320 1194 posse,
336 1126 488 1190 simulavit,
505 1143 563 1178 seso
577 1127 706 1196 mgrnstiis
718 1127 758 1180 rei
767 1127 955 1180 frumentariae
968 1125 1016 1179 ad-
1056 1139 1060 1156 ¹

57 1201 171 1250 ductum
182 1206 269 1250 castra
277 1199 402 1259 brevem
421 1195 544 1263 vanique
555 1195 668 1250 militari
678 1213 753 1249 more
766 1196 945 1260 conclamatis,
953 1212 1016 1264 pro-

57 1284 169 1336 gressus
181 1265 258 1318 milia
269 1283 394 1334 passnnm
405 1264 465 1330 tria,
472 1264 634 1320 locoidonen
644 1271 670 1318 ct
682 1267 783 1318 occuito
799 1283 904 1320 omnem
916 1263 1017 1318 excuci-

57 1345 118 1389 tum
128 1335 327 1403 eqinitatumque
337 1335 493 1388 conlocavit.
526 1333 632 1401 Scipio,
648 1337 683 1388 ad
695 1335 883 1404 insequendum
901 1341 1017 1402 paratos,

58 1405 208 1473 equitatum
222 1411 512 1473 mugnamqneparteun
525 1403 591 1456 levis
608 1414 759 1466 armaturae
778 1406 812 1458 ad
828 1404 1016 1471 explorandum

59 1475 111 1528 iter
123 1473 235 1526 Domitii
248 1483 275 1526 et
284 1475 493 1543 cognoscendum
512 1473 657 1540 praernisit.
692 1474 746 1542 Qui
758 1491 839 1542 quum
853 1482 939 1528 emerit
955 1490 1018 1541 prun
1077 1469 1084 1478 '

58 1543 434 1680 mimam
444 1541 1018 1680 diffitffitio‘iriffltitrttb

60 1684 254 1750 sequebantur,
269 1683 382 1735 ccicruu
400 1699 492 1734 eorum
515 1688 651 1748 receptum
674 1681 832 1749 conspicati,
861 1682 1017 1736 restiterunt,

60 1750 165 1816 Nostri,
182 1752 295 1820 cognitis
307 1751 423 1814 insidiis,
439 1769 473 1804 nc
494 1751 593 1804 trustra
609 1751 724 1818 reliquos
743 1755 935 1817 exspectarent,
953 1751 1018 1802 duas

61 1821 133 1874 nacti
147 1819 266 1874 bostium
275 1827 376 1874 turmas
386 1828 554 1887 exceperunt:
571 1819 613 1888 (in
623 1821 665 1872 bis
677 1821 728 1873 fuit
742 1821 781 1872 M.
794 1819 923 1885 Opimius,
935 1820 1018 1872 Prae-

62 1890 283 1958 fectusequitum)
298 1890 413 1958 reliquos
421 1895 816 1943 omnescurnmturmarumunt
822 1888 1017 1952 iuterfecerunt,
1040 1907 1044 1912 ·

61 1967 109 2012 aut
121 1968 213 2026 captos
226 1961 260 2012 ad
272 1959 420 2012 Domitium
429 1960 612 2026 pcrdnxcrunt.
947 1963 951 1970 '

129 2028 176 2082 89.
193 2029 318 2089 Deductis
338 2046 401 2082 orac
421 2027 581 2080 modernae
598 2025 750 2110 praesidiis,
768 2025 877 2089 Οιοιιιιι,
894 2029 1019 2090 utsupra

62 2099 271 2152 demonstratum
285 2104 339 2162 est,
356 2105 409 2151 tncs
424 2099 546 2151 cobortes
560 2095 635 2150 Orici
646 2096 736 2164 oppidi
749 2095 836 2150 tuendi
847 2110 940 2146 caussa
955 2092 1018 2146 reli·

62 2167 119 2234 qnit
131 2167 278 2235 iisdcunqnc
289 2168 436 2220 custodiam
449 2167 558 2220 navium
569 2167 713 2248 longarum
733 2163 884 2228 transdidit,
901 2180 966 2229 quas
984 2180 1018 2216 cx

62 2237 140 2290 ltalia
152 2238 341 2290 mandauerat.
374 2237 446 2291 Huic
459 2236 550 2289 officio
567 2237 716 2304 opptdoqac
736 2237 765 2288 C.
785 2233 885 2288 Acilius
903 2234 1019 2315 legatus

62 2313 194 2374 praeerat.
227 2308 253 2358 is
266 2323 347 2359 naves
357 2314 459 2359 nostrus
472 2304 626 2358 interiorem
645 2305 672 2357 iu
690 2313 791 2374 partem
811 2311 870 2371 post
892 2303 1018 2370 oppidum

62 2375 202 2428 reduxitet
212 2377 246 2428 ud
259 2382 359 2428 terrm
372 2376 515 2446 deligavit,
532 2375 704 2443 faucibusque
719 2382 808 2444 portus
820 2389 914 2426 navem
926 2388 1018 2424 oncru-

63 2446 133 2497 riam
146 2447 311 2498 snbmcrsaut
328 2445 426 2498 obiecit
444 2453 471 2498 ct
492 2445 556 2496 buic
572 2446 685 2498 alterum
705 2443 854 2506 coniunxit,
870 2459 948 2508 super
966 2455 1019 2506 qua

66 2515 160 2568 turrim
171 2514 292 2568 eduum
304 2515 338 2567 ad
354 2514 440 2582 ipsum
454 2515 592 2569 introitum
609 2523 699 2582 portus
714 2513 834 2581 obposuit
849 2517 875 2564 et
891 2510 1020 2562 militibus

65 2583 210 2652 complevit
223 2585 397 2651 tucndmnqne
410 2585 445 2636 ud
459 2601 549 2636 ornnes
561 2583 710 2650 repentinos
726 2600 801 2635 cusiis
814 2579 960 2634 transdidit.

132 2652 178 2706 4⁰.
196 2652 298 2718 Quibus
314 2653 427 2722 coguitis
439 2655 533 2717 rebus,
549 2653 597 2706 Gn.
608 2652 751 2720 Pompeius
772 2651 857 2714 tilius,
878 2648 924 2716 qni
941 2647 1020 2701 classi

64 2722 213 2791 Aegyptiac
223 2730 357 2789 praeerat,
373 2722 529 2776 adonicum
540 2721 613 2774 veuit
625 2724 840 2786 submersamque
853 2718 959 2782 navim,
976 2735 1019 2772 ne·

65 2794 155 2844 malco
167 2791 310 2858 multisque
318 2794 474 2846 matertere
485 2792 603 2854 funibus,
618 2791 742 2854 adduxit;
758 2799 837 2856 atquc
848 2790 959 2840 niteram
971 2805 1019 2840 na·

64 2878 142 2926 acm,
160 2877 229 2927 quac
243 2868 301 2913 erat
312 2863 347 2914 ad
358 2861 505 2914 custodiam
517 2863 552 2914 ab
566 2860 658 2913 Acilio,
667 2859 762 2927 positu,
778 2857 898 2926 pluribus
909 2857 1019 2926 adgres-

65 2948 110 2982 sus
130 2930 258 2994 natibus,
274 2929 304 2982 in
319 2931 415 2998 quibus
428 2932 463 2984 ad
473 2931 570 2984 libram
584 2931 685 2982 iecerat
697 2935 796 2991 turres,
813 2933 842 2979 nt
852 2944 884 2978 cx
900 2926 1019 2994 superio*

64 2999 89 3052 ri
103 3015 225 3068 pugnans
237 2999 298 3051 loco
306 3039 320 3064 „
330 3001 500 3067 integrosque
519 3015 624 3066 semper
640 2997 791 3064 defatigatis
806 2996 975 3062 submittens,
992 3001 1019 3048 ct

64 3069 176 3136 reliquis
185 3068 305 3136 partibus
319 3070 400 3123 simui
418 3087 450 3121 cx
465 3077 539 3122 terra
553 3067 632 3121 mdis
652 3073 679 3118 et
697 3068 781 3118 classe
803 3067 907 3120 muenia
928 3063 1018 3134 oppidi

64 3145 185 3201 tantane,
200 3137 241 3190 uti
255 3137 467 3192 adversariorum
482 3155 577 3190 manus
589 3137 739 3199 diduceret,
754 3137 846 3188 labore
860 3143 886 3189 ct
899 3135 1020 3189 multitu-

65 3207 127 3260 dine
137 3209 252 3260 teiurdm
262 3215 365 3261 neubon
379 3207 458 3260 vicit:
479 3207 641 3273 deiectisque
657 3205 850 3268 defensoribus,
867 3205 913 3273 qui
929 3221 1020 3256 omnen

64 3277 173 3344 scapbic
186 3276 289 3342 excepti
301 3279 471 3346 refugerant,
487 3293 548 3328 euru
567 3291 664 3330 navem
679 3273 852 3344 expugnavit3
876 3275 1024 3340 eodemque.

65 3355 185 3415 tempore
198 3364 230 3398 cx
244 3347 329 3400 alteru
339 3351 414 3416 parte
425 3347 525 3399 molem
535 3343 620 3398 tenuit
635 3345 782 3396 naturalem
797 3344 935 3408 obiectam,
952 3357 1021 3408 quac

64 3432 151 3486 pause
160 3415 376 3485 insunucontru
387 3415 515 3484 oppidum
535 3415 673 3482 effecerat,
698 3431 751 3482 qua
767 3421 879 3482 qiutnor
899 3412 1022 3474 biremes,
