2317 3809
284 264 292 273 s
338 208 458 266 mm
491 208 580 265 Cdl’.
595 206 722 265 e-tt
961 202 1005 265 21

114 344 1007 417 mmeemmmomenffirupnmm

56 418 277 471 cammaris
290 418 440 469 submonte
453 417 577 469 eomedit.
611 416 743 469 Podridie
754 416 811 469 eius
829 418 883 470 diei
903 410 1010 485 praeter

54 496 132 541 elstra
144 487 268 541 Caesaris
275 502 335 539 suus
346 486 435 553 copies
447 486 594 539 emsduxit
605 490 632 538 et
641 484 751 539 milsstu's
769 502 895 553 passuum
905 489 1008 541 duobur

54 558 118 610 ultra
133 574 198 609 eum
215 562 301 609 cestre
315 555 392 617 iecit,
409 572 441 607 eo
454 556 580 619 consilio,
596 555 637 607 uti
652 555 785 607 frumento
801 565 1008 623 commeatuque,

54 627 95 693 qui
106 645 136 678 ex
148 624 279 693 Sequanis
289 630 316 677 et
328 624 425 677 Aeduis
437 626 644 691 subportcrclur,
659 624 801 676 Caesarem
812 624 1007 677 intercluderet.

53 697 90 749 Ex
100 714 131 747 eo
146 696 192 747 die
203 695 259 746 dies
269 694 405 745 continuos
415 694 529 761 quinque
540 694 638 747 Caesar
657 710 707 762 pro
723 693 815 747 cestris
837 711 899 745 suos
919 694 1010 760 copim

53 765 171 832 produxit
189 770 216 817 ct
237 764 322 815 aciem
340 762 496 815 instructam
517 763 626 826 babuit,
650 768 694 825 ut,
717 762 742 815 ri
760 764 842 817 vellet
861 761 1009 817 Ariovistus

53 834 149 901 proelio
160 834 331 895 contendere,
350 832 376 883 ei
396 837 510 899 potestas
529 848 583 884 neu
602 832 711 884 deesset.
743 831 893 889 Ariovistus
913 832 958 884 his
977 850 1008 883 o-

53 904 153 955 muibus
163 903 256 954 diebus
264 901 408 954 exercitum
418 901 511 953 curuis
523 900 664 964 continuit3
681 901 794 967 equestri
805 902 907 968 proelio
919 900 1008 969 quoti·

54 973 93 1025 die
104 972 243 1025 contendit.
279 970 368 1023 Genus
382 971 433 1023 hoc
447 976 504 1023 emt
521 988 641 1040 pugnae,
665 988 719 1037 quo
736 988 766 1023 se
783 970 910 1023 (immani
931 988 1008 1023 exer·

54 1047 166 1095 merant.
198 1039 326 1107 Equitum
337 1040 568 1102 milieerrutse13
586 1040 696 1101 totidem
712 1056 823 1092 numero
841 1040 943 1107 pedites
960 1056 1008 1093 ve-

53 1108 175 1163 locisdmi
188 1126 221 1162 sc
234 1109 386 1172 tortissimi3
409 1126 475 1175 quos
486 1124 518 1159 ex
529 1108 601 1161 omui
608 1109 685 1175 copie
693 1107 792 1177 singuli
801 1108 928 1179 singulos,
943 1124 1009 1161 succ

52 1180 142 1235 salutis
153 1196 262 1241 caussa,
278 1178 437 1247 delegerunt.
472 1178 541 1229 Cum
553 1178 596 1229 his
609 1178 637 1229 in
648 1176 755 1244 proeliis
771 1180 956 1243 versabantur,
972 1173 1008 1234 αὖ

51 1251 99 1303 hes
110 1268 140 1333 se
150 1248 252 1330 equites
264 1247 438 1314 recipiebuutz
454 1246 493 1310 hi,
511 1248 534 1299 si
546 1246 611 1315 quid
622 1252 680 1299 erut
689 1246 789 1328 durim,
804 1248 1007 1330 coucurmbputz

49 1318 419 1455 teletblsstlbsstss
428 1316 1008 1453 ffldrdf‘zdfflffi’ffiffi

49 1464 121 1511 unta
131 1464 191 1509 erat
202 1457 299 1508 horum
314 1454 500 1507 exercitatione
511 1454 648 1519 celeriter,
663 1460 710 1519 ul,
726 1454 796 1509 iubis
804 1473 933 1524 equorum
944 1455 1008 1510 snb-

49 1526 144 1591 levati,
161 1542 268 1578 cursum
278 1525 462 1591 adaequarent.

116 1628 222 1681 lihllbi
229 1644 291 1680 eum
302 1626 393 1680 castris
403 1644 431 1679 se
442 1626 633 1680 teuerelhcsur
642 1625 779 1691 intellexit,
786 1628 923 1680 nediutius
934 1640 1008 1680 eom-

50 1704 139 1751 meutu
151 1698 343 1765 prohiberetur,
359 1697 430 1749 ultra
442 1714 504 1748 eum
516 1698 613 1760 locum,
629 1713 683 1764 quo
694 1696 723 1748 in
733 1699 794 1749 loeo
805 1697 931 1749 Germani
944 1714 1008 1749 euu-

50 1762 184 1831 sedersut,
203 1766 306 1818 circiter
318 1784 409 1833 passus
419 1772 552 1818 sexcentos
564 1766 600 1818 ab
612 1766 664 1829 eis,
682 1766 773 1818 cestris
784 1766 908 1818 idoneum
918 1767 1008 1818 locum

49 1836 156 1907 delegit,
174 1836 282 1903 acieque
296 1835 393 1902 triplici
404 1834 538 1899 instructo,
554 1836 588 1887 ud
600 1852 663 1887 eum
673 1836 762 1888 lucum
774 1836 854 1888 veuit.
888 1836 1008 1888 Primum

51 1912 76 1959 et
87 1905 232 1959 secundam
254 1904 338 1957 aciem
358 1903 385 1956 in
404 1904 486 1957 ermis
507 1920 576 1967 esse,
592 1904 700 1955 tertiam
711 1903 911 1957 castremunirc
923 1903 1008 1955 iussit.

50 1976 101 2029 llic
109 1978 188 2028 locus
202 1975 235 2025 ab
247 1974 324 2026 hoste
337 1973 441 2025 circiter
450 1988 541 2041 psesus
551 1973 754 2034 sexcentos,·uti
765 1972 865 2023 dictum
875 1976 928 2036 est,
944 1973 1008 2025 rbe-

49 2050 98 2097 ml.
134 2046 175 2096 Ee
192 2042 297 2095 circiter
310 2043 448 2095 hominum
457 2058 566 2093 numere
574 2041 634 2093 xvl
642 2040 720 2092 milin
732 2042 852 2115 expeditu
862 2058 924 2093 cum
935 2040 1009 2094 omri

49 2114 166 2181 equimtu
179 2112 326 2165 Ariovistus
337 2112 417 2175 misit,
435 2128 503 2178 quae
511 2110 711 2177 enpieenostres
722 2116 895 2175 perterrereut
907 2116 935 2162 et
947 2128 1009 2163 mu-

48 2184 149 2235 nitione
159 2182 337 2249 prohiberent.
371 2182 463 2235 Nihilo
482 2178 566 2232 secius
577 2179 686 2243 (locem,
702 2186 733 2230 ut
750 2186 811 2233 aute
830 2180 1007 2244 constitueret,

49 2252 113 2303 duas
141 2252 211 2303 ecies
234 2252 336 2304 hostem
356 2251 521 2318 propulsare,
545 2248 650 2301 tertiam
669 2264 734 2315 opus
755 2250 893 2316 perficere,
921 2248 1006 2301 iussit.

47 2320 160 2373 Munitis
175 2320 280 2384 castris,
289 2363 291 2369 .
301 2321 367 2372 duos
378 2320 417 2371 ibi
428 2319 545 2387 legiones
558 2318 666 2385 reliquit
677 2324 705 2370 et
715 2326 819 2385 purtem
830 2318 1009 2382 auxiliorum

48 2396 166 2458 quatuor
178 2389 295 2457 reliquas
307 2390 336 2441 iu
347 2393 433 2441 eostre
445 2388 548 2441 meiere
555 2388 669 2441 reduxit.

117 2490 307 2565 5⁰„Proxime
331 2490 387 2556 die,
411 2492 529 2545 instituto
547 2508 610 2555 ruo,
633 2491 730 2544 Caesm
750 2508 766 2543 e
782 2490 874 2545 cestris
889 2488 1007 2557 utrisque

47 2561 139 2629 copies
152 2559 214 2613 'suas
231 2561 334 2624 eduxit3
352 2563 552 2629 paullumquee
571 2560 717 2613 maioribus
737 2578 905 2631 progressus,
921 2559 1009 2613 eciem

46 2630 174 2683 instruxit
188 2631 370 2701 hostibusque
393 2630 527 2699 pugnandi
548 2636 703 2697 potestatem
723 2630 794 2681 lecit.
827 2628 881 2681 Ubi
899 2646 932 2681 ne
949 2634 1012 2681 tum·

47 2700 158 2767 quidem
175 2716 221 2751 cos
242 2700 347 2767 prodire
365 2700 508 2763 intellexit,
531 2698 636 2751 circiter
657 2698 795 2751 meridiem
819 2697 961 2751 exercitum
978 2698 1007 2751 in

45 2776 136 2822 castre
149 2768 262 2833 reduxit.
280 2770 351 2821 Tum
362 2770 467 2822 demum
474 2768 620 2821 Ariovistus
632 2774 734 2838 partem
742 2784 851 2820 suorum
861 2766 1006 2836 copiarum,

46 2854 115 2906 quae
129 2843 219 2891 cestra
231 2838 335 2891 minore
348 2840 523 2907 obpugnaret,
547 2837 633 2890 misit:
657 2837 755 2891 aeriter
774 2836 905 2903 utrinque
925 2854 1008 2904 usque
1111 2874 1116 2886 ,

41 2909 79 2967 ιιι
93 2924 238 2975 vesperum
253 2914 398 2975 pugnatum
411 2913 457 2960 est.
483 2906 553 2959 Solis
567 2922 734 2966 occasususs
746 2905 834 2973 copias
851 2906 1009 2970 Ariovistus,

44 2977 140 3033 multis
151 2982 179 3029 et
189 2976 279 3029 inlatis
298 2982 323 3028 et
334 2978 445 3043 acceptis
458 2976 625 3039 vulneribus,
642 2975 670 3028 in
681 2979 767 3027 cestre
777 2975 890 3027 reduxit.
918 2975 1008 3041 Quum

44 3064 76 3099 ex
88 3045 206 3114 captivis
222 3051 358 3112 quaereret
377 3048 490 3109 Cacsar,
514 3044 596 3113 quenl
614 3044 724 3097 obrem
742 3044 888 3099 Ariovistus
905 3042 1008 3111 proelio

42 3134 95 3169 nun
110 3108 276 3179 decertaret,
290 3114 359 3167 huuc
368 3114 515 3183 reperiebat
532 3131 666 3178 coemam,
688 3110 758 3180 quod
775 3115 845 3181 spud
862 3114 1010 3166 Germanos

42 3203 74 3239 ea
87 3184 255 3237 consuetude
270 3190 351 3249 essct,
368 3192 398 3237 ut
407 3190 503 3239 matres
515 3182 634 3235 familiae
645 3199 737 3234 eorum
750 3183 863 3236 sortibus
875 3188 901 3235 el
913 3180 1007 3235 retici·

42 3254 200 3307 ustionibus
212 3254 389 3318 declararent,
406 3260 496 3307 utrum
508 3250 639 3320 proelium
654 3252 783 3305 committi
810 3270 842 3305 ex
862 3268 912 3303 usu
931 3254 1009 3313 esset,

43 3341 91 3377 nec
103 3340 155 3375 nc:
175 3339 220 3375 eos
235 3322 274 3375 its
285 3324 384 3376 dicere:
402 3324 461 3377 Nou
473 3338 528 3375 esse
540 3322 589 3385 lus,
606 3316 751 3377 Germhuos
759 3338 895 3393 superero,
911 3320 1009 3376 simu

42 3409 147 3448 novam
160 3392 253 3447 lunam
265 3393 366 3465 proelio
377 3391 575 3447 contendisteut.
