2317 3809
324 262 329 273 ,
349 201 432 257 ιιι.
449 202 480 257 v.
500 202 589 302 cur.
608 200 702 259 a-e,
964 199 1005 261 61

53 342 112 397 tiam
122 340 251 412 progredi
263 340 383 406 ridebat,
400 334 632 410 prospiciendum,
656 360 691 396 ne
709 342 772 411 qnid
791 344 843 398 ribi
860 362 893 399 ac
905 345 945 398 rei
957 362 1008 412 pu·

52 414 133 465 blicae
150 430 247 475 nocere
260 418 354 479 posset.
387 412 480 477 ltaque
493 412 549 464 dies
567 413 673 465 circiter
684 414 757 465 XXV
772 414 800 464 in
813 432 844 466 eo
854 415 914 467 leco
933 433 1008 467 com·

51 488 180 544 moratus,
205 482 275 548 quod
287 498 363 531 corus
376 490 469 532 ventus
488 481 686 550 aurigationem
703 483 865 549 inpediebat,
890 484 936 549 qui
948 501 1007 537 mu-

51 560 130 618 gnam
142 558 248 618 partem
272 550 356 601 omnis
374 550 500 617 temporis
520 551 547 601 in
563 551 605 602 liis
624 552 689 603 locis
709 552 775 603 flare
793 552 941 614 consuerit,
958 554 1008 604 da-

51 622 93 672 bat
107 637 233 686 operam,
251 626 280 670 nt
296 619 322 670 iu
335 620 423 670 officio
436 620 627 688 Dumnorigem
644 620 800 683 contineret,
822 620 906 672 nihilo
919 627 1009 673 tame'u

51 690 134 741 secius
146 689 237 739 omnia
252 689 308 739 eius
320 688 429 739 consilia
443 696 625 757 cognosceret:
642 691 761 753 tandem,
778 689 901 740 idoneam
916 698 1008 742 nactus

50 763 244 824 tempestatem,
262 756 359 809 milites
375 756 525 824 equitesque
538 761 710 810 conscendere
723 760 751 811 in
765 774 846 809 nares
859 758 939 809 iubet.
965 759 1008 822 ut,

52 828 169 879 omnium
183 826 305 895 inpeditis
318 826 428 890 animis,
451 828 596 879 llmnnorix
610 846 674 879 cum
685 827 816 894 equitibus
826 828 978 878 Aeduorum
990 843 1009 879 a

52 897 159 959 castris,
181 896 307 947 insciente
329 896 455 958 Caesare,
488 898 596 948 domum
613 897 747 948 discedere
764 894 858 962 coepit.
901 898 965 963 Qua
978 912 1008 947 re

51 964 182 1027 nunciata,
190 964 616 1031 Caesar,intermissapreleetione
627 965 832 1033 atqueomnibus
846 966 923 1017 rebus
937 970 1009 1033 post-

51 1034 150 1102 positis,
157 1051 284 1103 magnam
297 1042 400 1101 partem
411 1034 540 1100 equitatus
554 1037 588 1087 ad
601 1052 663 1087 eum
674 1035 860 1102 insequendum
871 1034 952 1086 mittit
964 1050 1009 1085 re-

51 1103 175 1169 trahique
194 1104 322 1169 impcrat:
340 1103 363 1153 si
383 1102 438 1153 rim
459 1104 540 1155 lncint
553 1106 647 1170 'neque
663 1110 769 1171 pareat,
794 1103 905 1155 interfici
923 1103 1007 1155 iubet:

50 1174 117 1223 nihil
134 1175 207 1224 hunc
225 1189 254 1224 sc
271 1175 377 1224 absente
387 1190 434 1239 pro
445 1190 509 1224 sano
523 1174 655 1225 iacturum
665 1173 815 1236 arbitratus,
829 1170 874 1238 qui
885 1188 1008 1239 praesen7

50 1242 82 1293 tis
96 1241 241 1309 imperium
254 1240 417 1309 neglexisset.
440 1243 489 1293 llle
501 1242 571 1293 enim
583 1250 721 1294 revocatus
731 1242 851 1294 resistere
865 1258 897 1291 ae
909 1257 1009 1292 sema·
1069 1298 1074 1309 Ι

50 1328 84 1362 no
98 1312 239 1362 defendere
251 1327 408 1377 suorumque
424 1312 503 1363 tidem
518 1311 653 1378 inplorare
664 1311 757 1378 coepit,
773 1326 850 1377 saepe
860 1310 1008 1373 clamitans,

51 1382 161 1432 liberum
173 1398 201 1431 se
213 1382 360 1449 liberaeque
380 1382 495 1432 civitatis
517 1398 578 1432 esee.
602 1380 655 1445 Illi,
669 1387 760 1432 uteret
774 1380 939 1441 imperatum,
954 1378 1008 1430 eit-

51 1449 435 1515 cnmsistunthominematque
447 1450 620 1515 interficiunt3
637 1450 754 1503 atAedui
762 1448 861 1517 equites
869 1449 903 1501 ad
909 1449 1008 1500 Caesa-

50 1536 106 1571 rem
120 1532 212 1569 omnes
226 1525 398 1570 revertuntur.

119 1586 146 1641 8.
171 1586 223 1639 His
242 1586 321 1638 rebus
336 1586 434 1656 gestie,
449 1586 565 1640 Labieno
585 1586 613 1639 in
636 1588 781 1644 continente
795 1605 857 1640 curn
869 1586 954 1641 trihus
966 1587 1007 1639 le·

50 1657 175 1725 gionibus
187 1662 213 1707 et
228 1656 346 1723 equitum
366 1655 474 1709 milibus
492 1658 593 1711 duobus
611 1657 717 1721 relicto,
735 1663 765 1709 ut
781 1665 871 1723 portus
889 1662 1007 1709 tueretur

51 1734 76 1778 et
93 1744 154 1778 rem
172 1726 372 1777 frumentariam
391 1725 554 1791 previderet,
572 1742 691 1793 quaeque
702 1726 730 1777 in
742 1724 832 1778 Gallia
842 1732 1004 1794 gererentur,

52 1801 222 1863 cognosceret
235 1795 424 1861 consiliumque
431 1812 480 1863 pro
492 1801 609 1863 tempore
622 1803 648 1847 et
658 1813 743 1862 prore
756 1805 868 1861 caperet,
880 1794 936 1859 ipse
944 1810 1006 1845 cum

52 1866 167 1931 quinque
181 1864 329 1932 legionibus
343 1870 368 1916 et
382 1864 441 1931 pari
455 1881 564 1917 numero
577 1864 709 1931 equitum,
728 1880 805 1945 quem
819 1862 847 1913 in
865 1862 1008 1913 continenti
1026 1866 1030 1875 “

50 1934 231 2001 relinquebat,
248 1933 312 1985 solis
328 1948 424 1985 occasu
442 1950 520 1985 naves
540 1934 618 1985 solvit
637 1940 676 1997 et,
693 1934 747 1984 lem
757 1931 847 1983 Africo
860 1936 1007 1997 provectus,

52 2004 139 2056 media
151 2001 257 2066 circiter
268 2008 343 2054 nocte
355 2007 432 2054 vento
445 2000 601 2065 intermisso,
614 2018 720 2053 cursum
731 2018 783 2051 non
798 1998 880 2051 tenuit
892 2006 931 2060 et,
948 1999 1008 2050 lon-

52 2073 112 2141 gius
123 2073 228 2124 delatus
243 2080 336 2135 aestu,
353 2080 413 2123 orta
430 2070 507 2134 lnce,
526 2072 575 2122 rub
590 2069 695 2121 sinistra
709 2068 875 2122 Britanniam
887 2065 1008 2121 relictam

53 2140 194 2208 conspexit.
230 2140 301 2193 Tum
322 2157 424 2203 rursus,
443 2146 528 2195 aestus
548 2138 779 2195 commutationem
792 2144 908 2201 secutus,
925 2136 1007 2189 remis

53 2210 198 2274 contendit,
223 2215 253 2261 ut
270 2226 330 2261 eam
348 2216 450 2277 partem
468 2208 569 2261 insulae
589 2217 706 2276 caperet,
729 2208 932 2275 qua=optimum
949 2224 1007 2258 essa

53 2296 190 2348 egressum
200 2279 335 2346 superiore
346 2285 443 2331 aestate
456 2284 622 2348 cognoverat.
647 2280 706 2345 Qua
717 2278 745 2329 in
758 2294 787 2329 re
800 2279 942 2331 admodum
956 2274 1007 2327 luit

53 2349 169 2401 militum
181 2348 263 2401 virtus
274 2349 413 2412 laudanda,
431 2348 476 2414 qui
489 2344 802 2416 vectoriis'graribusque
815 2346 938 2413 navigiis,
953 2361 1007 2395 non

53 2417 203 2469 intermisso
215 2418 362 2485 remigandi
374 2417 472 2480 labore,
487 2417 629 2485 longarum
640 2417 748 2469 narium
758 2432 863 2467 cursum
874 2416 1007 2479 adaequa-

53 2493 121 2539 runt.
151 2488 299 2539 'Aeeessum
319 2492 357 2538 est
369 2487 404 2537 ad
420 2486 586 2539 Britanniam
603 2486 723 2538 omnihus
736 2486 845 2537 navibus
860 2481 1007 2535 meridiano

54 2557 108 2609 lere
120 2562 255 2623 tempore:
273 2572 356 2623 neque
367 2554 395 2605 in
409 2568 440 2606 eo
455 2556 514 2606 loco
528 2555 612 2607 hostis
633 2562 672 2608 est
691 2556 778 2618 ιίιιιι,
797 2554 856 2616 sed,
873 2551 903 2603 u't
916 2557 1007 2618 postea

56 2625 151 2677 Caesar
161 2643 194 2676 ex
209 2624 319 2691 captivis
326 2623 460 2691 comperit,
469 2642 549 2690 quum
559 2641 672 2694 magnae
678 2639 808 2677 manusco
815 2618 1002 2683 convenissent,

55 2694 222 2747 multitudine
234 2694 341 2747 narium
352 2693 512 2762 perterritae,
529 2695 610 2761 (qnae
621 2712 682 2745 cum
693 2690 822 2745 annotinis
831 2688 1000 2757 privatisque,

56 2781 118 2829 quas
126 2763 170 2816 sui
183 2763 292 2830 quisque
302 2762 433 2814 commodi
444 2762 549 2825 iecerat,
558 2764 670 2831 amplius
679 2762 769 2814 DCCC
782 2774 834 2811 unu
846 2764 920 2810 erant
929 2757 1005 2809 visae

55 2834 199 2901 tempore,)
212 2848 229 2883 a
240 2832 317 2884 litore
330 2831 500 2884 discesserant
513 2850 544 2884 ae
552 2850 580 2884 se
595 2832 621 2897 in
633 2830 769 2899 superiora
779 2830 838 2880 loca
843 2827 1004 2890 abdiderant.

121 2902 149 2955 ll.
168 2903 282 2966 Caesar,
305 2901 421 2968 exposito
440 2902 554 2954 exercitu
574 2908 600 2953 et
617 2902 677 2954 loco
696 2897 789 2951 castris
808 2899 901 2949 idoneo
919 2903 1006 2963 capto,
1080 2952 1089 2965 ,

54 2970 256 3037 ιι1ιίιι”ἰ·ιψῑίιίι
265 2971 396 3039 cognovit,
402 2969 670 3036 quoinlocohostium
677 2967 768 3036 copiae
775 2967 956 3031 consedissent,
962 2980 1009 3017 co-

54 3040 176 3093 hortibus
191 3040 215 3089 X
231 3040 265 3091 ad
278 3056 356 3091 mure·
365 3037 463 3090 relictis
476 3047 501 3091 et
519 3039 648 3105 equitibus
662 3038 740 3099 CCC,
758 3036 802 3103 qui
814 3036 943 3104 praesidio
959 3049 1008 3086 na·

56 3108 130 3161 vibus
144 3112 242 3172 essent,
260 3109 291 3160 de
306 3108 384 3161 tertia
398 3107 493 3175 vigilia
507 3110 541 3160 ad
555 3110 643 3160 hostes
655 3103 800 3169 contendit,
814 3123 846 3157 co
861 3105 947 3158 mione
959 3120 1006 3155 ve-

56 3178 119 3231 ritus
137 3177 265 3241 naribus,
289 3179 359 3244 qued
375 3177 402 3228 in
420 3177 498 3229 litore
517 3176 593 3229 molli
614 3182 693 3242 atque
712 3182 801 3241 aperto
822 3174 950 3243 deligatae
971 3171 1006 3227 ad

58 3252 181 3301 socerum
194 3246 372 3314 relinquebam
390 3250 416 3297 et
431 3247 560 3313 praesidio
574 3246 685 3299 navibus
703 3246 735 3311 Q.
751 3242 854 3304 Atrium
870 3240 1006 3310 pracfecit

57 3316 128 3383 lpse,
145 3322 225 3369 noctu
236 3333 390 3386 progressus
404 3314 480 3367 milia
489 3332 615 3383 passuum
628 3314 732 3366 circiter
744 3314 810 3377 llll,
826 3312 943 3365 hostium
962 3326 1007 3361 co-

58 3385 113 3453 pias
125 3385 289 3454 conspicatus
299 3390 347 3439 est.
381 3384 439 3449 Illi,
455 3384 573 3453 equitatu
586 3392 664 3453 atque
674 3382 772 3437 essedis
786 3384 820 3434 od
831 3383 931 3433 flumen
945 3393 1007 3445 pro-

100 3480 210 3519 ιιιιιιι.
235 3512 243 3519 .
772 3458 794 3509 F
