2317 3809
151 176 174 243 4
419 139 826 259 upuannoernnrco

151 322 283 381 rudectius
301 323 444 393 principem
459 324 549 379 locum
558 326 722 390 obtinebant,
740 326 786 393 qui
798 326 920 389 dicerent,
936 327 987 382 ribi
1001 344 1054 379 erae
1068 327 1099 379 in

153 398 253 457 anime,
271 396 325 466 sinc
341 398 392 447 ulie
406 386 530 462 maleficii
546 398 597 447 iter
609 415 657 463 per
667 398 829 448 Provinciam
837 400 945 462 secere,
961 406 1099 463 propterea

169 465 220 515 uod
230 465 303 515 eliud
317 466 366 515 iter
381 466 506 517 deberent
515 466 627 517 nullum.-
643 483 752 534 regare,
768 474 798 517 ut
809 467 862 516 ciac
871 467 1002 520 eebmtate
1017 467 1046 517 id
1059 467 1098 516 ri-

100 586 103 595 ,
152 483 277 599 iifaccre
302 534 387 584 licent.
421 536 529 596 Caesar,
553 535 622 600 quod
640 534 769 587 memoria
789 535 904 597 tenebat,
928 534 958 585 Ie
980 534 1101 585 Caesium

154 602 291 664 Consulem
302 602 423 665 occisum,
441 602 632 669 exercitumque
644 604 699 655 eiua
711 605 745 654 ab
758 602 884 660 llelvetiia
895 605 999 669 pulauni
1012 612 1038 655 ct
1050 604 1100 653 rub

152 670 385 739 iugumvmiesurn,
402 672 590 723 concedendum
602 690 651 723 uon
668 674 787 737 patabat:
806 689 888 737 neque
907 671 1027 724 homines
1047 671 1101 723 iui-

99 738 104 751 '
129 742 133 757 ¹
153 741 222 794 mico
238 740 335 802 auimo,
352 742 411 791 data
423 742 544 793 facultate
558 741 774 807 pchroviuciam
789 740 887 792 itineris
899 740 1022 804 faciundi,
1032 746 1101 792 tem·

99 835 107 849 ·
153 814 288 891 peraturos
301 810 334 859 ab
348 809 443 861 iniuria
456 816 482 861 et
494 810 625 861 maleficio
634 810 813 876 existimabat:
830 816 931 872 minen,
947 810 1102 876 utapatium

154 877 312 931 rutercedere
327 884 426 943 posset,
443 878 505 930 drrrn
518 879 636 940 militer„
646 895 710 945 quoa
720 878 907 945 imperaverat,
925 878 1102 941 convenirent,

153 946 249 1015 legatie
263 946 406 1013 respondit,
423 948 491 999 diem
504 964 530 999 rc
542 948 580 999 cd
600 949 794 999 deliberandum
813 956 972 1009 camimum
992 948 1017 999 ri
1037 947 1103 1015 quid

155 1018 265 1078 vedent,
283 1032 307 1065 a.
325 1016 350 1075 d.
365 1017 426 1067 Idru
441 1018 502 1083 Apr.
517 1024 712 1069 annumerentur.

223 1082 248 1135 8.
266 1084 408 1135 Intereuea
423 1082 539 1153 legione,
565 1103 644 1152 quam
664 1102 753 1141 recum
769 1084 896 1147 habebut,
913 1082 1103 1150 militibusque,

155 1150 202 1219 qui
222 1164 254 1203 ex
272 1152 410 1204 Provincia
427 1163 613 1218 convenerant,
631 1172 648 1205 a
660 1156 720 1206 lecu
734 1156 883 1216 lemanno,
899 1153 945 1219 qui
960 1153 987 1204 in
1004 1154 1104 1208 liutara

154 1222 315 1273 Rhodanum
331 1222 425 1284 inlinit,
441 1223 474 1274 ad
491 1231 606 1283 mentem
617 1224 720 1286 iuram,
737 1222 782 1289 qui
799 1222 864 1273 linea
874 1222 1056 1288 Sequanorum
1067 1222 1105 1273 ab

156 1289 285 1342 Helvetiis
297 1290 396 1355 dividit,
413 1291 488 1342 milia
502 1308 626 1357 passuum
639 1294 728 1344 decern
746 1309 866 1353 murrun,
887 1291 915 1342 in
936 1290 1105 1344 altitudinem

155 1358 252 1426 pedum
261 1358 373 1411 sedecim
386 1361 532 1426 ferrumque
553 1361 676 1427 perducit.
710 1362 750 1411 Eo
766 1378 844 1425 opere
860 1361 986 1425 perlecto,
1003 1359 1105 1425 praeei-

155 1427 202 1479 dia
214 1427 338 1493 disponit,
356 1430 463 1481 castella
477 1430 634 1492 communit,
651 1447 702 1497 quo
713 1429 831 1491 facilius,
847 1428 871 1479 si
885 1447 913 1481 ee
923 1428 1005 1480 inrito
1017 1434 1106 1480 ίιιιιιιι-

155 1494 196 1549 ire
213 1504 377 1561 conarentur,
401 1498 540 1564 prohibere
554 1498 643 1563 poerit.
675 1498 728 1549 Ubi
742 1498 855 1560 cadica,
870 1493 949 1563 quarn
964 1498 1107 1549 constituc-

154 1570 197 1621 rat
210 1582 270 1617 curn
281 1566 390 1633 legatis,
406 1566 494 1629 veuit,
507 1576 532 1619 et
544 1568 625 1635 legati
640 1568 673 1619 ad
692 1584 754 1618 eum
771 1573 948 1628 reverterunt,
964 1572 1058 1633 negat,
1077 1583 1106 1619 ec

155 1651 226 1687 more
248 1642 273 1687 ct
297 1637 408 1701 exemplo
425 1636 515 1701 Populi
531 1637 644 1687 Romani
657 1654 730 1703 ροιιο
745 1637 796 1686 iter
813 1637 861 1687 etit
875 1652 924 1703 per
942 1634 1107 1687 Provinciam
1124 1655 1132 1675 ι

142 1696 244 1764 -darer‘
257 1710 297 1766 et,
314 1705 337 1754 ei
348 1705 400 1755 uim
413 1708 504 1769 secere
525 1714 662 1766 conentur,
678 1706 865 1770 prohibitorum
884 1704 1003 1756 ostendit.
1036 1704 1108 1755 Hel-

155 1771 232 1835 vctii,
249 1788 283 1823 ea
298 1790 343 1838 ape
359 1772 467 1834 deiecti,
483 1773 593 1823 navibus
606 1772 698 1824 iunctis
713 1772 863 1838 ratibusque
875 1772 1053 1837 compluribus
1063 1774 1107 1824 ia-

155 1841 220 1904 ctis,
238 1840 284 1893 alii
298 1840 371 1895 radia
386 1840 517 1903 Rhodani,
534 1858 587 1907 quo
598 1841 708 1894 minima
717 1841 829 1893 altitudo
839 1841 954 1893 fluminio
966 1848 1108 1903 enatuere

16 1946 21 1953 ·
44 1948 49 1955 1
155 1926 289 1977 nunquam
301 1910 429 1973 interdiu,
447 1910 549 1976 saepius
561 1920 651 1972 noctu,
668 1910 691 1962 ai
703 1928 870 1977 perrumpere
882 1917 992 1975 possent,
1008 1910 1109 1974 conati,

156 1980 243 2099 epedrie
256 1980 399 2048 munitione
415 1984 440 2031 et
454 1980 569 2032 militum
584 1997 710 2033 concursu
722 1986 749 2032 et
762 1979 821 2031 telis
833 1979 945 2045 repulsi,
961 1980 1014 2046 hoc
1026 1995 1109 2035 οιιιιιι·
1137 1997 1142 2005 ·

156 2052 188 2103 tu
215 2048 356 2102 estiterunt.

228 2114 254 2168 il.
272 2117 478 2183 Relinquebatur
487 2134 540 2169 una
550 2134 597 2184 per
613 2116 746 2183 Sequanos
757 2116 817 2178 via,
834 2133 902 2183 qua,
919 2116 1046 2182 Sequania
1064 2115 1110 2169 iu-

157 2183 233 2248 vitia,
250 2194 354 2251 propter
366 2186 498 2253 arrguetias
511 2186 549 2237 ire
564 2203 614 2238 non
624 2192 750 2251 poteraut.
784 2184 835 2235 His
847 2203 928 2251 quum
949 2202 996 2242 rua
1015 2192 1110 2252 sponte

157 2252 314 2323 persuadere
329 2263 505 2319 neuportum,
523 2256 624 2319 legatos
642 2255 676 2305 ad
695 2253 884 2321 Dumnorigem
905 2254 1025 2307 Aeduum
1042 2254 1110 2310 mit-

158 2329 230 2385 tunt,
246 2329 276 2373 ut
288 2340 318 2373 eo
329 2322 493 2388 deprecatore
509 2321 663 2387 aSequania
683 2322 853 2387 inpetrarunt>
881 2324 1111 2391 Dumnorixgra-

115 2444 117 2449 ,
159 2392 199 2445 tia
211 2396 237 2442 et
252 2390 391 2459 largitione
408 2390 477 2457 apud
492 2390 624 2455 Sequanos
637 2390 780 2455 plurimum
792 2398 905 2455 poterat,
929 2397 956 2443 et
975 2392 1111 2445 Helvetiis

159 2466 217 2513 crat
224 2459 330 2521 amicus,
337 2459 404 2525 quod
413 2476 443 2509 ex
451 2475 482 2509 ea
492 2458 598 2509 civitate
606 2457 771 2526 Orgetorigis
778 2459 861 2511 liliam
874 2459 900 2509 in
911 2460 1113 2514 matrimonium

160 2529 277 2592 duxerat,
294 2535 319 2579 et
333 2527 472 2593 cupiditate
480 2526 554 2594 regni
561 2527 685 2580 adductae
698 2527 772 2579 neria
781 2529 1111 2596 rebuaetudebatetquam

70 2644 74 2655 ,
160 2596 471 2666 plurimaacivitatessuo
493 2596 624 2647 beneficio
637 2597 737 2648 habere
752 2596 887 2648 obstrictae
905 2597 1019 2649 volebat.
1052 2600 1112 2651 ltu·

160 2683 212 2733 que
227 2684 284 2718 rem
293 2664 398 2731 suscipit
411 2673 436 2719 et
449 2681 465 2716 a
478 2663 605 2731 Sequania
618 2664 746 2731 inpetrat,
762 2671 792 2716 ut
805 2683 850 2731 per
859 2665 919 2717 tinia
935 2684 995 2718 enea
1006 2668 1112 2724 Helua·

109 2772 112 2777 -
160 2734 212 2789 tien
232 2734 272 2795 ire
289 2734 441 2801 patiuntur,¹
453 2733 606 2800 obsidesque
624 2734 663 2790 uti
684 2733 908 2799 antecedent,
925 2735 1043 2801 perlicit:
1059 2736 1112 2788 Se-
1151 2791 1153 2796 ,

159 2802 253 2927 irum,
270 2821 302 2855 nc
322 2803 415 2855 itincre
424 2802 560 2855 Helvetios
575 2803 744 2871 prohibeant3
760 2802 893 2867 Helvetii,
909 2810 939 2857 ut
952 2804 1010 2857 aine
1021 2806 1111 2867 male

181 2871 222 2925 cie
238 2878 267 2939 et
276 2870 370 2925 iniuria
383 2879 519 2925 transcant.
765 2901 768 2907 ·

232 2939 275 2993 1⁰.
293 2942 397 2993 Caesari
405 2942 576 3003 renunciatur,
592 2940 721 2993 Helvetiis
732 2958 789 2994 eree
798 2939 825 2993 iu
837 2940 935 3004 animo,
951 2957 1110 3009 peregrum

161 3008 341 3077 Sequanorum
355 3017 380 3061 et
392 3012 542 3063 Aeduorum
554 3010 604 3061 iter
615 3010 642 3061 in
655 3010 798 3062 Santonum
810 3010 874 3061 lines
883 3011 977 3073 faeere,
993 3012 1039 3077 qui
1054 3030 1110 3065 non

102 3100 109 3111 ’
162 3078 241 3146 longe
253 3096 270 3131 a
281 3078 445 3131 Tolosatium
459 3079 553 3131 linibus
566 3080 675 3144 absunt,
691 3095 758 3145 quae
767 3078 858 3131 civitae
870 3085 909 3131 est
918 3080 944 3131 in
957 3080 1109 3133 Provincia.

161 3146 192 3199 Id
207 3147 230 3199 ei
242 3148 328 3210 lieret,
346 3146 526 3215 intellegebat,
541 3161 638 3216 magno
653 3166 713 3199 cum
729 3147 883 3201 Provinciae
898 3148 1014 3213 periculo
1034 3150 1109 3201 lutu-

162 3232 238 3278 rum,
254 3224 283 3267 ut
295 3215 413 3268 hominen
427 3217 577 3278 bellicosos,
596 3217 689 3283 Populi
702 3216 815 3272 Romani
826 3216 959 3281 inimicos,
973 3217 1038 3271 lucie
1058 3235 1109 3284 pa·

162 3284 274 3337 tentibus
286 3282 449 3351 maximeque
456 3285 631 3337 lruruentariin
637 3285 768 3337 linituram
777 3286 895 3341 baberet.
917 3286 960 3342 Ob
971 3303 1016 3339 eea
1031 3304 1109 3339 mua-

163 3368 206 3405 aar
219 3352 244 3407 ei
258 3352 411 3416 munitioni,
427 3368 507 3421 quam
520 3354 631 3418 fecem,
648 3355 682 3406 T.
696 3352 841 3407 labienum
853 3355 985 3423 legatum
1004 3358 1108 3423 praete-
