2317 3809
308 219 452 277 muer
486 218 754 310 carce-up
957 216 1001 281 oe

43 356 139 410 meliis
166 358 222 412 vim
239 356 452 429 celeritatemque
463 362 599 426 viderent,
616 360 716 413 imitari
726 366 881 429 polncmnl3
897 364 956 429 ced,
971 382 1001 418 oe
1036 398 1041 406 .

41 428 62 477 in
76 436 169 481 castra
180 430 298 497 recipere
309 431 411 495 conati,
429 432 547 497 iniquum
559 432 587 481 in
605 433 694 481 locum
708 432 871 485 demiserunt·
905 437 1002 488 Gente-

40 499 139 560 rionee,
159 518 194 565 qu
228 516 273 549 um
285 499 403 551 nonnulli
419 518 450 551 ex
462 500 630 551 inferioribus
641 500 775 552 ordinibus
788 503 948 569 reliquarum
962 505 1001 555 lo-

39 567 150 633 gionum
166 517 272 619 exutis
284 586 375 620 caussa
387 570 413 620 iu
428 570 573 636 superiores
587 574 662 620 crant
674 570 777 620 ordines
797 572 875 623 haim
890 572 1002 641 legiouio

38 637 200 700 transducti,
225 656 258 689 ne
278 644 338 688 ante
352 646 454 705 partam
465 639 505 691 rei
519 639 643 689 militarie
658 640 764 690 laudem
777 640 931 703 omitterent,
946 642 1002 692 lor-

37 705 137 757 tis'sime
161 712 306 775 pugnantes
325 708 500 760 conciderunt.
541 707 659 759 Militum
678 722 758 773 pore,
791 710 887 761 borum
906 710 1003 761 virtute

37 775 168 827 urbmotis
187 776 324 839 hoatibm,
349 782 453 842 praeter
470 794 543 843 spem
560 777 699 829 incolmuis
718 778 747 829 in
767 788 854 831 cestra
869 779 1003 847 perreuit3

37 860 96 908 paru
110 861 128 897 a
143 844 266 895 barbarie
278 845 455 897 circumventa
468 846 554 912 periit.

103 910 151 964 41.
179 914 318 977 Germani,
336 916 473 981 desperata
487 914 680 983 expugnetionc
693 920 854 980 castrorum,
871 916 940 983 quod
953 932 1003 967 ne-

36 985 102 1032 stros
123 983 183 1034 iam
203 983 349 1035 constitisse
360 984 387 1034 in
406 984 597 1037 munitionibus
613 985 753 1049 ridebmt,
777 994 839 1036 ebm
852 1003 884 1037 ea
896 986 1003 1051 praedo,

38 1052 161 1114 quam‘in
177 1052 251 1103 silvis
270 1044 459 1119 dcpodueraut,
476 1058 548 1105 trans
558 1054 684 1105 Rhenum
696 1072 752 1105 eece
768 1062 929 1120 receperunt.
963 1055 1004 1107 Ao

36 1128 124 1171 tantus
149 1120 202 1173 tait
224 1120 303 1172 ctiam
323 1128 383 1187 post
400 1122 541 1173 discessum
559 1123 677 1175 bostium
698 1130 795 1187 terror,
822 1132 852 1175 ut
871 1140 903 1175 eu
916 1129 1001 1187 nocte,

39 1205 118 1253 quum
135 1190 167 1240 C.
179 1188 323 1241 Volusenus
339 1191 432 1242 missus
445 1208 504 1242 cnm
519 1192 637 1257 equitatu
649 1193 683 1243 ud
699 1199 786 1244 cmtru
795 1192 916 1256 venisset,
922 1194 1002 1245 fidem

38 1260 221 1323 conluceret,
235 1260 325 1311 edesse
338 1277 398 1310 cum
407 1260 532 1312 incolumi
546 1262 683 1313 Cacsar-cm
692 1262 815 1312 exercitu.
832 1262 877 1312 Sic
884 1263 1002 1313 omnium

38 1328 141 1379 ununos
161 1327 240 1378 tim'or
262 1336 511 1395 praeoccuparent.
527 1337 572 1393 ut,
590 1346 672 1395 paene
686 1329 801 1382 alienata
811 1338 913 1394 mente,
930 1332 1002 1382 delc-

39 1396 69 1445 tis
87 1397 214 1449 onmibus
234 1396 315 1463 copiis
330 1398 475 1464 equitatum
498 1398 619 1465 [tuntum]
629 1417 664 1450 cc
677 1416 708 1449 ex
722 1397 788 1468 Argu
800 1399 942 1466 recepiree,
961 1400 1002 1451 di·

38 1472 141 1529 cerent,
162 1484 261 1532 neque,
279 1466 405 1519 incolumi
425 1468 559 1530 exercitu:
586 1469 844 1532 Germurroscostra
864 1470 1002 1537 obpugna-

39 1538 109 1653 tulros
121 1534 208 1587 luisse
223 1536 411 1588 contenderent.
448 1538 533 1605 Quem
548 1536 669 1589 timorem
681 1538 800 1591 Caesaris
812 1539 1002 1592 udrcntuesus-
1020 1553 1023 1561 '

38 1603 105 1655 tuit.
195 1612 200 1619 '
962 1642 965 1651 .

105 1672 152 1724 42.
171 1674 303 1725 Reversus
316 1674 379 1737 ille,
397 1679 504 1727 eventus
516 1675 581 1727 belli
597 1693 647 1726 non
663 1675 800 1744 ignorum,
818 1693 913 1742 unum,
931 1674 1003 1743 qnod

41 1741 163 1793 cohortes
179 1744 336 1796 eructatione
352 1751 377 1795 et
392 1745 521 1810 praesidio
536 1753 621 1796 essent
634 1745 757 1807 omissae,
775 1752 893 1811 questus,
910 1746 1002 1797 uenti-

39 1810 109 1862 nimo
123 1810 231 1877 quidem
253 1822 314 1863 cusu
328 1815 412 1865 locum
426 1812 539 1879 relinqui
551 1814 687 1877 debuisse,
703 1816 815 1865 multum
828 1816 959 1865 lorumam
974 1815 1002 1865 in

39 1896 65 1929 rc
85 1882 176 1931 entino
196 1881 312 1933 boetium
329 1883 441 1943 adventu
464 1882 577 1950 potuisse
592 1882 733 1943 iudicavit-3
751 1883 837 1933 multo
851 1883 932 1933 etiam
943 1899 1001 1934 um·
1085 1926 1089 1937 .

40 1898 121 2013 pliire,
133 1950 220 2015 ·quod
243 1968 325 2016 paene
344 1952 378 2003 ub
397 1952 452 2018 ipso
472 1952 543 2003 rullo
567 1951 700 2016 portisque
717 1957 862 2001 castrorum
875 1951 1003 2003 barbarae

40 2020 188 2087 avertisset,
228 2020 348 2083 Quarum
369 2020 486 2071 omnium
505 2037 594 2069 rerum
606 2019 720 2069 manime
731 2018 915 2070 admirandum
929 2020 1018 2071 vide--

40 2086 132 2151 batur,
159 2088 228 2153 quod
244 2088 385 2153 Germani,
410 2089 455 2156 qui
478 2106 509 2139 eo
528 2088 636 2139 coneilio
652 2088 775 2138 Rhenum
789 2088 957 2151 transierant,
972 2094 1003 2143 ut

41 2155 204 2224 Ambiorigis
226 2156 290 2209 fines
314 2159 547 2225 depopularentur,
571 2160 605 2209 ud
620 2164 705 2218 castro
719 2158 900 2224 Romanorum
912 2158 1003 2227 deleti,

41 2226 232 2291 optatissimum
245 2227 395 2295 Ambiorigi
404 2228 559 2279 beneficium
574 2227 730 2277 obtuleruut.
803 2246 806 2251 ·
1046 2239 1049 2243 '

106 2294 155 2345 43.
179 2295 290 2359 Caesar,
313 2314 402 2357 rur-<us
420 2298 452 2347 ud
476 2296 608 2347 vexandos
624 2297 712 2347 hostee
731 2295 877 2364 profectus,
902 2312 1002 2363 magno

42 2372 132 2415 coacto
151 2381 259 2415 numero
283 2361 314 2415 cri
327 2365 627 2427 finitumis'ciritatibue,
645 2364 672 2415 in
686 2382 775 2416 omncs
785 2372 870 2431 partes
886 2365 1002 2417 dimittit.

42 2429 143 2483 Omnes
157 2433 211 2484 vici
223 2441 301 2501 utque
317 2434 405 2485 omnio
421 2434 548 2497 aedificia,
565 2450 633 2500 quae
646 2434 754 2500 quisque
769 2440 944 2499 conspexerat,
960 2434 1002 2483 in-

44 2504 231 2557 cendebantur:
260 2504 358 2569 praeda
378 2520 409 2554 er
432 2504 552 2554 omuibus
566 2503 631 2553 locis
643 2505 787 2571 agebatur:
805 2504 935 2553 frumenta
950 2518 1002 2553 non

43 2570 124 2621 solum
141 2586 157 2621 o
173 2578 245 2622 tanta
258 2572 425 2624 multitudine
437 2572 611 2624 iumentorum
625 2576 703 2637 atquc
712 2572 850 2622 bominum
865 2588 1002 2621 consume-

42 2636 151 2703 bantur,
176 2641 220 2691 sed
245 2642 325 2692 etiam
344 2642 406 2694 unni
426 2648 544 2707 tempure
556 2650 635 2707 atque
649 2642 777 2697 imbribus
793 2640 1001 2705 procubuerant3

44 2714 81 2771 ut,
99 2709 180 2775 siqui
196 2710 276 2760 etium
290 2711 315 2761 in
331 2712 477 2777 praescotia
493 2729 520 2761 ee
532 2712 716 2773 occuluissent,
732 2716 819 2759 tamon
833 2708 874 2769 iis,
884 2710 1002 2761 ‘deducto

45 2778 176 2841 exercitu,
200 2796 288 2829 rerum
308 2780 425 2831 omnium
440 2780 529 2847 inopia
541 2781 701 2845 percendum
715 2777 855 2828 uideretur.
890 2778 928 2828 Ac
944 2796 1002 2829 sue-

43 2860 72 2907 pe
92 2847 121 2897 in
138 2846 200 2897 eum'
211 2848 298 2899 locum
319 2856 426 2899 rentum
439 2854 491 2912 est,
509 2856 579 2900 tanto
597 2848 624 2898 in
637 2848 721 2899 omnis
737 2844 819 2913 partie
831 2845 915 2897 divino
928 2846 1002 2914 equi·
1029 2859 1032 2863 ’

44 2921 115 2978 tutu,
137 2924 167 2966 ut
187 2916 264 2967 modo
288 2916 375 2969 risum
393 2920 427 2969 eb
448 2935 476 2969 ee
494 2916 677 2984 Ambiorigem
699 2916 726 2966 in
748 2917 814 2983 lugu
824 2916 936 2982 captivi,
954 2931 1002 2970 uec

42 2984 119 3047 plane
138 2984 217 3035 etiam
241 2986 327 3039 obisse
354 3004 386 3039 ex
410 2994 547 3053 conspectu
568 2987 765 3046 contenderent,
788 2990 831 3047 ut,
852 3002 898 3053 epe
911 3002 1002 3059 conse-

43 3052 137 3117 quendi
158 3054 241 3105 inletb
262 3066 341 3122 utque
355 3056 456 3107 infinito
470 3057 560 3106 labore
574 3061 706 3119 suscepto,
724 3054 770 3119 qui
780 3070 808 3103 se
821 3070 950 3105 summam
966 3055 1002 3105 ab

44 3122 155 3173 Caesare
176 3124 291 3193 gratiam
312 3125 422 3176 inituros
436 3130 569 3190 putarent,
586 3141 668 3190 poeno
682 3131 801 3173 naturam
813 3122 900 3175 studio
914 3123 1002 3173 rinco-

44 3198 106 3255 rent,
126 3204 278 3259 semperque
289 3196 408 3259 paullum
421 3194 454 3245 ad
466 3210 597 3245 summum
612 3191 764 3244 felicitatem
773 3192 885 3243 deluiuse
898 3191 1001 3242 videre-
1065 3220 1070 3234 ι

45 3266 97 3324 lor,
116 3266 194 3327 utque
208 3262 255 3312 ille
273 3262 379 3314 latebris
392 3270 439 3315 aut
448 3263 557 3314 saltibus
571 3280 600 3314 se
610 3262 722 3329 eriperet
734 3270 761 3314 ct
773 3269 849 3313 noctu
858 3262 1002 3313 occultatus

46 3330 109 3381 elias
128 3330 250 3397 regiones
269 3338 407 3399 partesque
425 3338 538 3398 peteret,
554 3348 606 3384 non
621 3332 722 3386 maiore
734 3332 850 3399 equitum
864 3330 1001 3397 praesidio,
1045 3348 1049 3355 ¹

48 3416 125 3465 quam
138 3406 264 3468 quotuor,
281 3400 375 3471 quibm
388 3402 451 3457 rollo
463 3400 548 3454 vium
560 3416 636 3489 tuem
647 3402 811 3455 comittere
820 3399 942 3453 eudebut

922 3680 977 3691 n-

875 3698 1032 3765 A—br
