2317 3809
353 215 436 273 bill.
452 212 502 273 m
516 217 604 274 (le
621 215 734 274 Μ
956 213 1020 276 idid

62 363 138 421 mm,
155 356 187 409 0.
203 355 379 421 Volusenum,
396 355 554 422 interficere,
569 363 603 412 ut
615 361 723 425 postea,
740 357 812 411 bollo
829 353 1026 424 eorrieetoseoss

56 427 171 496 *gnitum
182 432 235 490 est3
252 434 283 478 ut
299 441 360 478 eum
376 443 484 479 munere
495 429 585 496 aliquo
599 428 746 496 perfugisse
758 429 792 480 ad
809 427 965 496 Pompeimu
980 429 1022 481 ri·

61 497 197 548 dereutur.
230 495 376 562 Postquam
387 495 416 548 id
428 497 561 550 difficilius
569 497 658 548 visum
672 505 726 560 est,
743 513 826 564 noque
839 499 950 549 facultas
961 513 1021 564 per

59 564 171 618 lieieudi
179 565 297 627 dabatur,
308 581 389 630 quam
399 566 528 618 maximus
535 571 675 634 potueram
689 567 812 633 pecunias
825 567 947 630 mutuati,
959 579 1021 633 pro—

59 634 127 686 inde
137 651 170 686 oc
181 634 236 684 suis
248 633 399 700 satisfacere
410 641 437 686 et
444 636 564 688 iruudata
571 635 706 688 restituere
720 637 825 698 vellent,
833 635 923 687 multis
932 651 1021 691 comn-

58 702 101 786 ²⁵?
112 702 562 823 mffissfflmpdmmm
573 721 635 758 eum
645 705 687 770 iis,
699 721 764 773 quos
778 705 819 758 sui
826 703 930 772 consilii
939 704 1022 772 parti

61 789 179 892 erpesffl.
195 842 268 908 Quos
274 841 424 908 Pompeius,
436 842 506 910 quod
516 848 591 895 eraut
605 843 714 894 honesto
722 843 781 894 loco
792 842 848 894 nati
862 847 889 894 et
901 841 1022 894 instructi

59 908 213 963 liberaliter
224 925 373 977 magnoque
381 911 508 964 comitatu
518 917 545 964 et
558 911 649 964 multis
666 911 788 963 iumentis
800 917 939 973 venerant,
957 909 1033 962 viri-

60 997 118 1046 que
129 980 212 1030 fortes
219 979 385 1032 habebantur
395 985 422 1032 et
431 980 460 1032 in
472 981 573 1032 bonore
583 981 652 1048 apud
666 981 805 1032 Gaesarem
816 982 929 1042 inerant,
939 979 1022 1044 quod-

61 1065 117 1116 que
128 1065 227 1100 novum
241 1053 268 1098 et
277 1049 602 1115 proeteroomaotooin-
618 1049 761 1113 acciderat,
778 1050 868 1102 omniu
885 1065 933 1100 san
946 1061 1021 1114 prae

60 1117 133 1169 sidia
149 1116 321 1170 circumduxit
333 1124 412 1184 atque
421 1117 574 1172 ostentarit:
591 1133 653 1170 uam
664 1123 724 1170 anto
737 1119 765 1170 id
773 1124 875 1186 tempus
886 1133 964 1168 neum
977 1123 1022 1168 not

59 1186 143 1240 miles
158 1194 205 1238 aut
218 1204 297 1252 eques
310 1202 327 1238 a
338 1187 452 1239 Cumara
465 1186 664 1254 adPompeium
677 1187 829 1249 transierat,
847 1203 926 1254 quum
940 1201 1022 1252 poene

60 1250 183 1323 quotidie
202 1271 219 1306 a
232 1255 359 1322 Pompeio
377 1255 411 1308 ad
425 1257 564 1308 Caesarem
583 1258 767 1326 perfugerent,
784 1257 867 1326 uulgo
885 1271 949 1306 vero
962 1253 1020 1305 uni-

59 1323 170 1377 versiin
181 1323 262 1390 Epiro
268 1329 347 1392 etque
353 1325 456 1377 Aetolia
467 1326 608 1393 consumpti
619 1326 716 1378 milites
727 1342 870 1392 eammque
880 1323 1020 1393 regionum

62 1393 198 1456 omnium,
214 1409 283 1460 quae
296 1411 314 1445 a
326 1394 439 1446 Caesare
449 1397 612 1448 tenebantur.
647 1395 699 1448 Sed
714 1395 757 1459 lri,
775 1393 887 1464 eogrtitis
900 1393 1021 1446 omnibus

60 1465 160 1526 rebus3
182 1480 229 1514 seu
240 1461 304 1529 quid
319 1462 347 1514 in
362 1464 551 1518 munitionibus
560 1467 705 1533 perlectum
716 1481 769 1516 non
783 1469 854 1528 erat,
871 1461 990 1529 seuquid
1004 1477 1022 1513 o

59 1531 233 1602 peritioribus
243 1531 284 1584 rei
298 1530 422 1586 militaris
431 1534 575 1586 desiderari
586 1535 737 1598 ridebatur;
754 1533 967 1602 temporibusque
978 1547 1021 1582 re-

61 1619 126 1656 rum
144 1606 171 1652 ot
182 1600 274 1668 spatiis
284 1601 403 1654 locorum
415 1609 441 1654 et
448 1603 625 1658 custodiarum
637 1603 739 1655 viribus
753 1617 786 1656 oe
803 1601 941 1671 diligentie
963 1599 1021 1652 ani-

60 1672 220 1732 madverso,
237 1676 315 1736 prout
336 1671 462 1737 ouimque
476 1689 586 1737 eorum,
611 1671 656 1738 qui
670 1671 783 1740 negotiis
799 1675 951 1738 praeerant,
975 1675 1022 1720 aut
1117 1667 1123 1686 ⁸

62 1747 161 1793 natura
171 1744 218 1791 aut
229 1738 344 1792 studium
351 1739 461 1804 terebat,
471 1741 540 1792 haee
552 1741 587 1793 ad
596 1739 752 1808 Pompeimu
769 1740 858 1791 omnia
867 1739 1020 1789 detulerant

132 1807 177 1862 62.
195 1807 298 1874 Quibus
309 1807 357 1861 ille
369 1809 495 1880 coguitis,
512 1809 706 1877 eruptionisque
715 1809 771 1860 iuni
791 1813 852 1860 ento
871 1811 947 1872 capto
960 1821 1023 1856 oon·

63 1877 143 1942 silio,
158 1884 191 1928 ut
199 1879 404 1930 demonstratum
414 1883 465 1943 est,
476 1878 621 1946 tegimeirtn
633 1877 716 1946 galeis
727 1876 825 1929 milites
835 1893 867 1928 ex
879 1874 1023 1926 viminibus

63 1949 155 2000 iecere
165 1953 243 2012 atque
257 1960 386 2016 aggerem
400 1936 564 2014 comportdre
577 1946 658 1999 iubet
692 1945 743 1998 His
754 1945 853 2016 puratis
862 1945 950 2005 rebus,
964 1955 1024 1994 me-

63 2033 150 2086 guum
169 2032 308 2067 numerum
324 2016 392 2068 lovis
413 2021 565 2068 armaturae
582 2020 609 2067 et
626 2014 824 2084 sagittariorum
847 2027 1023 2080 aggeremque

64 2101 171 2137 omnem
187 2092 266 2135 noctu
278 2085 307 2136 in
321 2086 432 2152 scaphas
450 2091 476 2136 et
491 2100 572 2136 nares
592 2083 722 2136 actuarias
731 2082 837 2150 'inponit
854 2088 880 2134 et
892 2082 925 2132 de
936 2080 1025 2132 media

62 2161 141 2207 nocto
147 2155 268 2206 cohortes
277 2154 422 2222 sexaginta,
433 2171 465 2204 er
472 2151 596 2205 maximis
602 2153 694 2214 castris
701 2151 888 2222 praesidiisque
893 2150 1024 2212 deductas,

64 2226 100 2276 ad
119 2240 181 2274 eam
202 2230 304 2288 purtem
322 2222 497 2274 monitionmn
518 2223 607 2288 ducit,
630 2239 697 2292 quae
716 2221 880 2291 pertinebunt
898 2219 1024 2270 edmero

62 2291 662 2362 longissimequcamaximiscastristlaesuris
676 2294 793 2346 oberant
827 2290 1024 2348 Eodemnaves,

64 2379 131 2430 quas
140 2357 483 2430 demonstravimud‘iggere
495 2365 523 2413 et
533 2361 600 2412 levis
606 2364 757 2415 armaturae
767 2359 896 2413 militibus
909 2355 1026 2423 complo-

64 2437 120 2495 tas,
138 2447 256 2498 quasque
277 2431 311 2482 ad
331 2430 530 2500 Dyrrhachium
546 2447 627 2484 nares
641 2433 734 2500 longus
746 2430 876 2492 habebat,
892 2425 975 2480 mittit
987 2428 1023 2490 ot,

66 2501 129 2567 qnid
145 2515 279 2566 equoque
297 2499 357 2551 lleri
371 2499 447 2561 velit,
468 2499 603 2568 praecipit.
636 2501 677 2554 Ad
696 2517 740 2552 eas
757 2497 914 2551 munitiones
927 2496 1025 2548 Gaesar

65 2568 208 2622 leumlum
225 2567 410 2620 Marcellinum
429 2569 602 2634 Quaestorom
622 2587 684 2622 cum
704 2569 810 2638 legione
826 2581 896 2618 noua
909 2563 1025 2632 positam

64 2638 191 2690 habebat
225 2637 309 2699 Huic,
327 2638 397 2706 quod
409 2637 559 2690 vuimdine
572 2638 658 2692 minus
669 2639 807 2692 commoda
816 2636 948 2697 utebatur,
959 2631 1025 2686 rat-

65 2707 140 2760 viam
153 2707 310 2758 Postumum
325 2706 472 2759 adiutorem
488 2707 653 2762 submiserat.
801 2708 805 2714 '

135 2773 180 2827 63.
197 2777 264 2826 Erat
278 2791 310 2826 eo
320 2776 381 2827 loco
396 2776 466 2828 iossa
477 2778 574 2844 pedum
581 2777 729 2846 quindecim
740 2781 766 2829 et
774 2773 861 2828 vallos
873 2775 963 2824 contra
970 2771 1024 2824 bo-

64 2850 134 2897 stem
144 2843 174 2896 in
185 2843 348 2897 altitudinem
355 2845 451 2914 pedum
464 2846 564 2911 decena
573 2847 787 2913 tantumdemque
798 2844 855 2895 eius
862 2841 928 2896 valli
939 2856 1025 2910 agger

63 2913 92 2966 in
104 2913 272 2966 latitudinem
287 2916 403 2980 potebat
436 2916 538 2980 Abeo,
555 2914 703 2969 intermisso
710 2915 794 2983 spatio
809 2913 905 2980 pedum
917 2911 1024 2962 sexcen-

63 2988 171 3045 torum,
189 2984 257 3034 alter
270 2999 410 3035 conversus
425 2983 454 3035 in
465 2985 625 3038 contrariam
634 2989 736 3054 portem
749 2989 807 3035 erat
817 2983 917 3045 vallus,
933 2979 1024 3032 bunti-

62 3052 134 3104 liore
143 3051 236 3120 paullo
246 3051 405 3105 munitione:
418 3053 470 3105 boc
484 3054 555 3105 euim
563 3053 741 3122 superioribus
755 3051 845 3104 diebus
856 3051 950 3104 timens
956 3049 1025 3100 oae-

65 3137 111 3173 sar
124 3160 133 3186 ,
152 3138 186 3174 ne
201 3121 312 3174 nuribus
323 3121 406 3174 nostri
418 3121 676 3187 circumvenirentur,
694 3122 827 3192 duplicem
839 3137 873 3173 eo
883 3121 940 3172 loeo
952 3119 1025 3169 leoe-

64 3196 108 3242 rat
121 3191 239 3255 rodum,
255 3197 301 3255 ut,
324 3191 348 3242 si
366 3190 475 3258 ancipiti
491 3193 592 3259 proelio
610 3192 796 3258 dimicaretur,
818 3197 906 3258 posset
928 3185 1024 3240 resisti.

15 3288 16 3327 o
66 3258 121 3310 Sed
135 3276 246 3325 operum
257 3259 411 3328 magnimdo
427 3266 453 3312 et
463 3261 595 3314 continens
608 3263 726 3314 omnium
740 3261 842 3314 dierum
855 3259 882 3310 lu
931 3297 939 3320 ,
955 3255 1026 3322 quod

15 3334 16 3397 l
66 3328 146 3380 milia
156 3345 281 3395 passuum
297 3329 325 3380 in
339 3328 450 3381 circuitu
466 3329 652 3396 septemdecim
664 3331 822 3385 monitiones
838 3343 884 3381 ers
910 3325 1027 3391 eomple-

15 3418 16 3421 *
66 3413 131 3464 xus,
149 3397 303 3467 perficiendi
315 3397 432 3469 spatium
444 3413 497 3454 nou
511 3399 599 3454 drusa
632 3401 725 3470 ltuquo
739 3407 831 3455 conus
852 3413 927 3452 mare
941 3403 1027 3449 uuor

764 3477 821 3534 Te
