2317 3809
144 205 209 274 246
293 211 326 268 e.
342 194 487 268 nrnrn
502 175 708 266 nn'nenno
725 207 939 266 rnnxrnn.

100 350 104 356 ’
144 352 419 422 iedieiemsuitesruo)
428 351 490 405 deno
506 350 601 420 reliqui
609 351 809 420 retorquentmr
827 349 873 403 lore
886 349 990 419 quidem
1004 347 1118 404 diutim

145 426 177 479 ts
186 431 274 478 norim
285 430 422 490 conspecte
433 422 560 490 gloriari,
573 437 677 489 vnregno
699 421 773 473 nobie
790 428 815 473 et
832 419 953 472 dedecori
974 426 1001 472 et
1022 419 1119 474 dolori

148 502 199 550 cet.
233 493 331 546 Cruor
341 493 420 545 illum
437 488 604 555 adintuens,
617 498 697 556 utque
707 489 830 542 ‘omnibus
843 488 1118 555 leudibueproseeu-
1149 533 1150 554 2

149 570 201 628 un,
217 561 378 630 detsignum
390 575 504 628 pugnae.
537 561 695 628 Progressus
707 560 778 612 ultre
790 557 889 612 rodum
901 563 1015 625 quotuor
1028 559 1118 610 Rbu-
1149 561 1150 600 ἱ

91 693 94 697 ,
148 632 207 686 dios
216 647 298 686 neves
303 628 496 683 circumsistunt
501 627 671 680 Alexandrini
681 634 760 696 utque
771 629 799 680 in
809 645 854 680 ees
866 628 984 695 inpetum
993 627 1115 680 fuciunt.

148 701 283 757 snurmt
292 701 336 752 illi
347 706 426 766 utque
438 703 496 751 orto
507 697 675 765 solimtiuque
690 715 719 750 se
731 698 876 766 explicante
892 714 924 750 ec
938 702 1043 748 tontum
1058 695 1116 748 do-

150 770 235 825 ctrino
248 769 348 839 potnit,
364 775 395 822 ut
406 768 435 821 iu
446 767 545 834 disperi
556 783 667 820 numero
682 767 756 820 nullu
766 774 914 820 transverso
922 765 993 820 busti
1004 765 1116 818 obiice-

149 847 248 907 retur,
255 838 354 892 nullius
363 837 432 890 remi
441 837 650 906 detorquentur,
666 837 711 888 sed
722 853 825 904 semper
832 835 995 888 venientibus
1008 836 1115 888 edver-

151 927 199 966 ree
211 913 385 964 occurrerent.
418 905 526 960 Interim
539 912 600 959 sunt
611 905 730 972 reliquae
745 907 906 958 subsecutae.
930 905 1002 957 nnn
1013 920 1114 956 neces-

121 998 130 1013 *
151 979 223 1035 sorio
234 977 376 1031 dixesenm
388 976 423 1029 ob
433 981 490 1028 urte
503 981 551 1039 cst,
564 982 672 1043 propter
683 975 817 1044 angustius
836 973 905 1039 loci,
928 979 1006 1041 utque
1028 990 1114 1026 omne
1150 989 1151 994 ¹

130 1073 134 1083 e
151 1054 284 1124 cemma
295 1047 324 1100 in
338 1046 436 1099 virtute
450 1044 573 1098 constitit
607 1043 697 1112 Neque
710 1061 775 1096 reru
786 1043 959 1097 Alexandrino
969 1042 1023 1096 luit
1033 1041 1114 1110 quis-

152 1135 234 1188 quam
245 1122 293 1170 eut
302 1123 465 1179 nostrorum,
481 1121 529 1168 ent
537 1113 740 1181 oppidanorum,
757 1113 805 1181 qui
815 1122 862 1166 eut
872 1113 899 1165 in
911 1129 1004 1180 opere,
1020 1117 1069 1166 out
1081 1112 1113 1164 iu

153 1185 349 1255 obpugnetionc
359 1190 515 1252 occupetum
530 1183 648 1245 animum
664 1184 788 1248 heberet,
802 1183 867 1249 ¹quin
889 1181 1018 1234 altissime
1037 1188 1113 1234 tectu

152 1261 252 1326 peteret
266 1262 345 1322 utque
357 1271 390 1306 or
401 1253 474 1306 omni
487 1245 626 1320 prospectu
641 1254 730 1305 loceun
743 1252 891 1320 spectaculo
903 1251 1112 1318 ceperetpreci·
1150 1281 1151 1288 κ

151 1327 252 1393 busque
261 1329 289 1378 et
299 1323 368 1377 votis
378 1321 518 1376 victorium
528 1321 583 1375 ruis
595 1322 630 1378 eb
639 1321 698 1375 liiie
712 1321 897 1376 inmortalibus
912 1327 1072 1388 exposceret.

147 1456 154 1464 ·
218 1423 263 1480 lt.
279 1422 391 1479 Minime
410 1429 636 1492 contempneret
654 1425 750 1492 proelii
763 1429 908 1478 certamen:
924 1423 1020 1476 nostris
1034 1421 1110 1476 enirn

151 1511 258 1566 prorsus
269 1512 353 1562 neque
366 1501 438 1548 terre
449 1511 534 1562 neque
550 1493 619 1546 meri
637 1493 769 1564 effugium
784 1495 894 1548 debetur
907 1493 992 1559 victis,
1003 1493 1110 1545 omnin-

153 1583 205 1632 que
223 1563 372 1630 victoribus¹
383 1569 458 1616 erent
469 1564 560 1615 lutura
572 1563 599 1616 in
613 1563 726 1616 incerto:
743 1564 800 1629 illi,
815 1565 838 1616 si
852 1567 1016 1632 superessent
1030 1562 1112 1614 nari-

151 1636 219 1698 bus,
234 1632 324 1687 omnio
336 1640 466 1698 tenorent;
482 1633 505 1686 si
518 1632 656 1687 inferiores
668 1633 788 1698 fuissent,
805 1633 935 1700 reliquom
948 1640 1036 1686 tumen
1052 1631 1112 1684 ior-

68 1735 72 1741 ·
152 1710 245 1758 tunem
256 1703 474 1772 periclitarentur.
491 1701 579 1754 Simul
590 1701 656 1756 illud
693 1720 755 1758 reve
773 1719 804 1756 uc
818 1703 943 1754 miserum
958 1701 1110 1764 videbatur,

152 1788 298 1846 perpaucos
309 1773 456 1826 desummo
465 1789 555 1824 rerum
563 1789 595 1824 uc
609 1772 641 1824 de
650 1719 736 1825 seflute
746 1772 864 1825 omniurn
876 1774 1022 1825 decertare:
1041 1787 1112 1838 quo·

131 1850 133 1853 ’
152 1860 215 1897 rum
226 1841 250 1895 ei
262 1842 308 1910 qui
321 1849 367 1897 eut
380 1839 469 1894 urimo
483 1846 530 1896 eut
542 1841 641 1894 virtue
664 1840 794 1907 cessisset,
812 1841 920 1909 reliquis
941 1840 1022 1894 etiem
1039 1845 1111 1894 esset

154 1910 313 1983 curcurlum,
331 1912 425 1980 quibus
441 1928 489 1979 pro
507 1910 683 1979 repugnandi
701 1911 812 1964 incultos
826 1929 878 1964 non
896 1911 996 1963 luisset
1030 1909 1110 1962 llaec

101 1995 108 2001 “
153 1980 334 2049 superioribus
347 1981 438 2033 diebus
450 1995 636 2046 saepenumero
648 1980 745 2033 Ceesur
758 1981 812 2034 suis
822 1977 992 2048 exposuerat,
1009 1985 1040 2032 nt
1055 1979 1110 2032 boc

154 2050 258 2106 maiore
269 2051 358 2104 urimo
371 2049 560 2113 contenderent,
577 2049 648 2116 quod
659 2048 776 2102 omnium
787 2051 899 2103 sulutem
909 2048 960 2101 sibi
972 2065 1111 2102 commcn-

155 2120 377 2174 dotemriderent
409 2119 510 2171 Eadem
525 2135 604 2170 suum
614 2117 725 2184 quisque
738 2119 964 2182 contubernalem,
981 2117 1110 2182 umicnm,

154 2192 247 2244 notum
259 2203 414 2256 prosequens
427 2192 485 2240 erut
499 2187 651 2251 obtestatus,
669 2205 702 2240 ne
715 2205 790 2240 suem
803 2195 881 2256 etque
896 2187 1014 2241 omnium
1028 2187 1111 2240 felle-

154 2262 197 2313 ret
207 2256 370 2326 opinionem,
386 2273 499 2324 quorum
510 2255 609 2308 iudicio
622 2255 735 2310 delectere
749 2256 910 2328 ud'pugnem
928 2256 1111 2324 proficiscere-

61 2342 72 2351 '·
128 2380 130 2383 ,
155 2332 208 2381 eur.
240 2329 331 2396 ltaque
343 2328 396 2379 boc
408 2324 497 2389 enirm
509 2329 549 2378 est
561 2325 730 2390 decertatum,
746 2332 776 2380 ut
788 2344 872 2395 neque
880 2325 1029 2380 maritumis
1040 2342 1111 2380 neu·
1151 2357 1153 2366 ν

155 2392 267 2466 ticisque
281 2396 398 2450 sollertie
409 2400 488 2464 utque
501 2410 544 2446 urs
555 2393 716 2462 praesidium
728 2395 825 2460 ferret3
840 2413 925 2463 neque
936 2412 1048 2449 numero
1061 2412 1112 2448 nu-

62 2494 66 2500 ·
127 2489 132 2495 ·
155 2465 232 2521 vium
245 2465 437 2535 praestantibus
451 2463 593 2518 multitudo
602 2463 743 2533 prodesset,
760 2482 844 2532 neque
855 2465 918 2518 flexi
928 2466 962 2518 ed
981 2463 1111 2518 virtutem

156 2552 190 2589 er
205 2543 280 2590 tuntu
296 2532 463 2588 multitudine
480 2533 534 2586 viri
548 2532 641 2586 virterti
660 2539 810 2587 nostrorum
830 2540 934 2604 possent
954 2533 1110 2602 adaequari.

156 2605 266 2675 Capitur
277 2607 331 2658 boc
343 2603 444 2673 proelio
456 2602 650 2671 quinqueremis
660 2620 714 2657 une
726 2611 752 2656 et
764 2602 873 2656 biremis
888 2620 949 2658 eum
962 2603 1110 2656 defensori-

155 2675 206 2729 bus
217 2674 414 2746 remigibusque
424 2671 640 2742 etdeprimontur
650 2677 711 2737 tres,
727 2673 821 2726 nostrie
831 2672 1007 2726 incolumibus
1020 2673 1110 2726 omni-

155 2743 218 2799 bue:
235 2745 352 2814 reliquae
362 2743 536 2812 propinquum
547 2742 641 2810 fugem
653 2743 687 2796 ed
700 2741 825 2810 oppidum
836 2743 951 2812 copiunt,
968 2758 1034 2810 ques
1044 2759 1109 2810 pro·

155 2817 273 2868 texerunt
282 2833 314 2868 ex
324 2813 439 2867 molibus
452 2818 530 2883 utque
539 2809 666 2868 edituis
677 2811 873 2880 inminentibus,
889 2815 1025 2870 strennos
1032 2811 1110 2868 etue

149 2885 261 2952 propius
269 2883 467 2954 prohibuerunt.

224 2985 268 3040 17.
283 2988 344 3042 Hoc
359 3005 393 3042 ne
410 2986 462 3041 sibi
473 2985 578 3055 saepius
595 2984 822 3054 acciderepotest,
838 2984 911 3039 omni
923 2983 1027 3038 retione
1039 2983 1107 3040 (iee-

103 3093 109 3103 ,
155 3069 200 3109 rer
209 3059 414 3110 contendendum
421 3056 590 3122 existiment,
606 3063 637 3110 ut
646 3055 759 3108 insulani
771 3057 929 3122 molemque,
945 3053 1108 3115 odiutulrm

155 3125 341 3192 pertinentur,
358 3127 387 3180 iu
403 3143 480 3195 surm
493 3126 626 3196 redigeret
643 3130 812 3210 potestetemc
828 3123 949 3194 perlectis
961 3123 1034 3186 mim
1047 3139 1108 3178 nn-

155 3210 211 3264 με
222 3212 256 3248 ex
264 3202 339 3263 porte
351 3194 540 3250 munitionibus
552 3197 580 3247 in
592 3195 696 3264 oppido,
711 3200 736 3247 el
750 3194 827 3248 illem
839 3199 867 3248 et
877 3193 1109 3248 mbmunotm-

108 3289 111 3296 ·
155 3279 220 3331 pore
233 3262 328 3318 tentori
339 3281 415 3332 posse
426 3265 580 3319 conlidebot
614 3265 674 3334 Quo
694 3267 771 3332 cepto
784 3263 909 3328 eemibo,
926 3261 1048 3328 cobortes
1060 3262 1109 3314 de-

154 3350 212 3388 cem
226 3341 253 3388 et
264 3332 331 3386 levis
348 3340 497 3389 ernoebuee
510 3335 624 3399 uren,
641 3349 707 3402 quoe
718 3333 826 3388 idoneor
842 3349 876 3388 ex
889 3331 1021 3401 equitibus
1039 3331 1108 3385 (lul-

80 3445 87 3488 3
153 3402 187 3458 lis
199 3403 394 3469 mbibebrtnr,
408 3403 674 3475 iumngirmioore
685 3403 847 3476 coeptusque
858 3401 976 3474 inperite
991 3400 1108 3459 inieri-
