2317 3809
146 192 190 262 22
367 204 368 207 ‘
418 182 473 257 ou
490 200 629 255 nunno
646 196 827 257 alumno

189 306 192 311 ¹
215 340 259 397 51.
276 340 406 395 Postridie
419 340 475 393 eius
488 340 541 393 diei
551 340 648 393 caesar
656 338 787 407 praesidio
797 336 915 405 utrisque
924 336 1025 400 emtris,
1035 337 1110 403 quod

145 410 210 479 satis
222 429 277 464 essa
290 410 376 482 uisum
387 416 439 478 est,
456 410 577 477 reliquit3
595 408 680 461 omnis
693 408 831 461 alarios'iu
839 414 977 473 conspeetu
988 406 1110 458 hostiam

65 545 71 555 ι
145 481 298 551 prorostris
311 480 457 533 minoribus
475 478 622 542 eorratitnit,
646 479 716 545 quorl
736 478 824 530 minus
846 475 1014 529 multitudine
1032 475 1110 528 rnili-

145 560 204 603 tum
217 549 424 620 legionariorum
437 566 485 616 pro
499 548 618 600 hostiurn
631 564 741 600 numero
754 546 873 610 valebat,
891 551 920 597 nt
939 545 973 598 orl
992 539 1110 611 speeiem

146 620 236 673 alariis
249 625 374 671 uteretur.
408 619 480 685 lpse,
503 616 604 683 triplici
621 618 749 669 instructa
770 616 840 679 acie,
862 632 946 681 usque
964 616 998 667 ad
1018 623 1112 667 eastra

145 688 263 741 hostiurn
283 688 399 741 accessit.
433 687 504 738 Tum
519 687 628 738 dunum
642 686 788 738 necessario
801 685 927 737 (lemnoai
942 700 1002 735 saras
1017 684 1111 750 copias

146 758 236 811 enutris
249 758 404 821 eduxerunt,
422 756 621 825 generatimque
635 755 822 807 constituerant
843 750 1003 821 paribusque
1022 753 1112 805 inter-

147 828 226 880 vallis
245 826 382 889 Harudes,
407 826 621 887 Marcomannos,
639 824 798 887 Triboeeos,
821 824 986 891 Vangiones,
1007 822 1111 874 Neme-

145 902 198 959 tes,
216 896 353 959 Sedurios,
371 894 470 947 Saevos
491 910 648 961 omnemque
663 894 748 945 aeiem
767 909 843 945 suum
862 892 952 957 rhedis
973 897 1000 942 et
1022 892 1111 944 carris

146 964 386 1027 circumdederunt,
403 978 436 1015 ne
448 978 500 1029 qna
512 980 569 1031 spes
584 964 612 1015 in
632 964 699 1032 fuga
716 962 915 1028 relinqueretur.
950 960 990 1011 Eo
1008 961 1111 1012 mnlie-

145 1052 188 1087 res
206 1032 389 1101 inposuerunt,
411 1048 479 1099 quae
497 1032 526 1084 in
546 1032 676 1100 proelium
694 1032 885 1099 proficiscentes
904 1029 1003 1081 milites
1021 1029 1110 1097 passis

146 1103 261 1226 {ritibus
275 1103 367 1155 flentes
383 1101 565 1171 inplorabant,
583 1118 617 1155 ne
637 1119 665 1155 se
682 1101 710 1155 in
727 1100 880 1154 servitutem
901 1098 1111 1153 Romanis‘tra-

167 1180 247 1226 erent.
519 1192 522 1213 ι
698 1221 700 1224 .

217 1239 259 1294 52.
278 1241 375 1293 Caesar
385 1239 496 1311 singulis
510 1238 660 1309 legionibus
671 1238 788 1310 singmos
805 1239 920 1309 Legatos
931 1240 958 1290 et
975 1236 1110 1303 Quaesto-

146 1326 204 1365 rem
219 1310 357 1378 praefecit,
374 1310 414 1363 uti
429 1328 472 1363 eoa
483 1314 560 1362 testes
575 1326 638 1361 snae
650 1308 759 1376 quisque
768 1308 876 1361 rimatis
894 1308 1012 1359 haberet.
1046 1308 1110 1373 lpse

147 1398 164 1436 a
179 1379 269 1433 dextro
283 1396 378 1442 cornu,
396 1380 466 1445 quod
477 1396 537 1431 eam
552 1386 654 1445 partem
667 1378 776 1429 minime
785 1378 892 1441 firmam
913 1377 1030 1427 hostium
1048 1393 1109 1428 esse

146 1450 264 1503 animum
281 1448 445 1511 adverterat,
470 1447 600 1513 proelium
619 1448 759 1500 commisit.
801 1448 842 1500 lte
861 1446 944 1498 nostri
962 1444 1058 1497 acriter
1077 1445 1109 1498 in

146 1520 249 1583 hostes,
268 1520 344 1587 signo
357 1518 434 1581 (luto,
453 1517 570 1584 inpetum
588 1518 705 1569 iecerunt
718 1517 807 1583 itaque
827 1516 916 1567 hostes
934 1521 1043 1581 repente
1063 1531 1109 1566 ee-

145 1588 287 1655 leriterque
299 1585 492 1655 procurrerant,
508 1592 538 1638 ut
551 1586 665 1654 spatium
676 1586 731 1652 pila
742 1586 770 1637 in
782 1587 871 1638 hostes
883 1583 1037 1638 eoniioieatli
1053 1601 1109 1635 non

92 1716 93 1721 Ἰ
147 1658 261 1711 daretur.
295 1655 487 1723 Reieetispilis,
505 1655 650 1707 comminus
662 1654 758 1723 gladiis
771 1659 918 1723 pugnatum
926 1659 980 1705 este
996 1659 1024 1705 at
1037 1653 1109 1705 Ger-

13 1742 24 1753 ”
147 1718 235 1789 mani,
252 1726 372 1782 celeriter
385 1742 417 1776 ex
429 1724 614 1777 consuetudine
624 1740 674 1775 sua
686 1724 819 1792 phalange
832 1724 910 1785 lacta,
928 1722 1030 1788 inpetus
1043 1723 1108 1791 gla-

147 1796 426 1861 diorumexceperunt.
460 1793 570 1859 Reperti
582 1795 801 1859 sunteomplares
819 1792 901 1844 nostri
921 1791 1035 1854 milites,
1059 1792 1109 1857 qui

146 1864 174 1919 in
189 1866 336 1933 phalangas
349 1862 479 1917 insilirent
495 1870 521 1915 et
538 1869 613 1915 senta
632 1862 754 1915 manibus
773 1862 931 1915 revellerent
950 1866 977 1913 et
994 1861 1108 1927 desuper

136 1936 321 1987 numerarent.
357 1933 446 1999 Quum
460 1931 576 1985 hostituu
586 1930 657 1985 aeies
671 1948 689 1985 a
705 1931 810 1985 sinistm
831 1947 914 1983 eornu
931 1930 1007 1996 pulsa
1022 1937 1108 1996 atque
1149 1949 1151 1955 ⁸

83 2030 87 2037 ·
145 2004 175 2057 in
186 2004 280 2072 fugam
293 2018 419 2055 conversa
431 2007 511 2065 esset,
529 2018 545 2054 a
559 2002 650 2058 dextm
665 2019 747 2055 cornu
759 2002 928 2053 vehementer
936 1998 1108 2051 multitudiue
1123 2038 1125 2042 -

146 2089 254 2125 suornm
266 2077 383 2124 nostram
395 2071 480 2125 aciem
494 2073 656 2138 premebant
690 2072 720 2124 ld
736 2088 818 2138 quum
831 2068 1058 2137 animadvertisset
1071 2069 1106 2121 P.
1149 2105 1150 2108 κ

147 2140 256 2193 (trusam
269 2142 431 2204 adolescens,
449 2140 494 2207 qui
504 2139 623 2207 equitatu
635 2148 769 2207 praeerat,
787 2138 859 2206 quotl
878 2136 1023 2208 expeditior
1037 2143 1107 2200 erat,

147 2225 227 2277 quam
240 2208 286 2272 hi,
303 2208 348 2276 qui
361 2208 430 2261 inter
439 2210 524 2263 aciem
536 2212 720 2273 retrahantur,
737 2209 844 2263 eruum
862 2207 947 2261 aelam
960 2206 1106 2261 laboranti·
1148 2219 1151 2230 ’

147 2278 197 2333 huo
208 2278 303 2331 ueratri
317 2277 435 2331 subsidio
442 2278 523 2331 misit.
860 2279 863 2291 “
1149 2283 1150 2288 ’

217 2346 260 2401 53.
272 2346 312 2399 lta
322 2347 453 2414 proelium
465 2346 615 2400 restitutum
624 2351 665 2399 est
676 2350 755 2414 atque
766 2362 857 2399 omnes
863 2345 953 2399 hostes
960 2348 1106 2413 tergaver-

147 2421 249 2481 terunt,
266 2432 350 2483 neque
361 2414 434 2483 prius
444 2417 537 2485 ingere
549 2416 715 2479 destiterunt,
732 2432 814 2483 qnam
824 2415 859 2467 ad
869 2415 968 2466 flumen
977 2414 1105 2466 Rhenum

147 2488 223 2541 milia
234 2502 359 2554 passuum
369 2502 401 2536 ex
414 2502 445 2537 eo
458 2486 517 2538 loeo
532 2485 636 2537 circiter
648 2485 837 2555 qninquaginta
856 2483 1027 2551 pervenerint.
1062 2482 1106 2534 lbi

147 2556 272 2625 perpauci
283 2560 329 2609 aut
344 2552 445 2607 viribus
456 2554 555 2607 confisi,
561 2560 725 2607 transnatare
738 2554 937 2615 contenderunt,
955 2558 1001 2603 aut
1016 2550 1105 2603 lintri-

147 2626 197 2679 bus
210 2625 321 2679 inventis
332 2622 383 2676 sibi
396 2624 508 2677 salutem
522 2630 682 2691 repererunt.
716 2625 747 2677 ln
760 2624 804 2676 his
813 2622 865 2675 luit
876 2621 1030 2683 Ariovistus,
1047 2620 1104 2687 qui,

90 2722 92 2731 ι
147 2694 297 2747 naviculam
315 2693 459 2763 deligatam
483 2693 517 2746 ad
535 2694 623 2761 ripam
641 2700 747 2757 naonis,
783 2708 816 2745 ea
832 2690 966 2759 profugit:
988 2690 1105 2756 reliquos

147 2780 238 2817 omnes
247 2764 378 2819 consecuti
393 2763 492 2831 equites
505 2763 587 2815 nostri
598 2763 790 2815 interfecerunt.
823 2762 899 2813 Duae
910 2760 1015 2811 luerunt
1024 2758 1105 2811 'Ario-

147 2832 210 2884 visti
224 2849 329 2896 uxores,
346 2849 399 2886 nna
411 2834 499 2885 Sneva
510 2832 630 2896 natione,
648 2849 728 2899 quam
740 2832 775 2883 ab
796 2830 875 2881 domo
894 2846 982 2881 seeum
1006 2829 1105 2881 etlam

146 2907 204 2964 rat3
222 2902 305 2953 altera
321 2902 430 2966 Norica,
448 2902 519 2971 regia
532 2900 656 2953 Voeionis
667 2909 757 2964 soror',
774 2916 853 2967 qaam
865 2898 892 2950 ia
915 2898 1006 2951 Galba
1022 2897 1104 2949 dure·
1133 2929 1136 2944 ,

148 2977 207 3034 rat,
221 2986 241 3025 a
253 2970 336 3021 fratre
346 2970 469 3025 missurn:
488 2978 613 3041 utraeque
624 2970 692 3023 inea
706 2971 772 3039 luga
781 2968 923 3036 perierunt.
941 2969 1017 3019 Duae
1029 2965 1104 3019 tiliae

146 3038 256 3102 harum,
274 3039 359 3105 altera
373 3040 474 3105 occisa,
496 3040 580 3094 altera
600 3046 677 3107 eapte
696 3048 743 3091 est.
778 3040 807 3091 G.
828 3035 950 3089 Valerius
964 3032 1104 3099 Proeillus,

103 3176 104 3179 Ἴ
146 3125 229 3175 quum
240 3124 257 3159 a
270 3107 420 3162 custodibus
435 3110 463 3161 iu
475 3111 541 3180 luga
560 3110 636 3175 trinis
655 3109 753 3161 eatenus
771 3108 875 3164 tinetas
892 3106 1056 3168 traheretur,
1075 3104 1103 3156 in

145 3176 232 3246 ipsum
252 3176 407 3242 Gaesarem,
429 3178 511 3231 hostis
529 3180 647 3246 equitatu
666 3184 877 3246 persequentem,
893 3174 993 3227 incidit.
1028 3174 1104 3240 Quae

146 3246 252 3314 quidem
263 3264 305 3299 res
317 3246 424 3299 Caesari
436 3263 487 3298 non
499 3248 642 3311 minorem,
659 3264 740 3315 quam
753 3246 811 3312 ipsa
830 3244 958 3307 victoria,
980 3243 1102 3309 voluptu-
1147 3237 1151 3260 ¹

40 3346 42 3353 =
145 3321 199 3369 tem
223 3314 331 3378 adtulit,
349 3316 419 3380 quod
444 3316 579 3368 hominem
596 3313 971 3381 honestissimnmprovineiae
989 3312 1102 3374 Galliae,

145 3382 393 3441 suumlamitinrem
406 3388 432 3438 at
449 3384 595 3452 hospitem,
612 3391 730 3452 ereptum
743 3400 759 3436 e
772 3383 894 3437 manibus
903 3381 1031 3444 hostiurn,
1049 3380 1102 3435 sibi
1145 3381 1151 3410 ¹

1147 3469 1151 3492 l

22 3676 152 3751 A.
