2317 3809
167 216 212 289 n
346 196 350 207 '
427 220 844 283 nnnnunoonumco
914 242 922 273 ».

236 358 279 415 57.
295 358 440 424 Labienus,
464 346 545 428 quum
564 364 591 414 et
611 333 662 414 Ioci
678 367 775 414 natura
793 366 820 414 ct
835 376 915 413 manu
932 356 1128 411 munitissimis

167 432 258 484 eastris
275 446 330 483 sese
344 434 458 493 teneret,
476 432 508 482 de
521 448 567 482 suo
580 447 613 485 oc
628 432 740 499 legionis
760 430 875 498 periculo
895 428 964 481 nibil
986 428 1126 489 timebat3

90 534 94 541 -
167 518 201 552 no
222 516 302 568 qnam
323 499 484 551 occasionem
506 500 546 551 rei
565 501 632 553 bene
652 501 782 569 gerendae
795 499 955 558 dimitteret,
971 496 1126 564 cogitabat.

167 571 259 636 Itaque
275 585 291 620 a
304 568 472 637 Cingetorige
485 574 563 635 atquo
576 570 632 621 eius
644 570 794 636 propinquis
808 569 926 620 oratione
943 565 1127 617 Indutiomari

168 638 282 707 cognita,
298 637 673 703 quamincouciliohabuerut,
688 638 796 691 nuncios
805 637 928 691 mittitad
937 634 1126 688 finitumasci-

168 708 262 759 vitatos
275 707 424 772 equitesque
433 708 546 773 undique
559 716 666 759 evocat:
682 708 717 759 iis
735 715 836 759 certum
856 706 927 757 diem
945 702 1126 755 conveniendi

169 776 241 828 dicit.
274 774 382 827 Interim
395 790 476 841 propo
489 776 604 841 quotidie
616 794 681 834 ,cum
697 776 769 835 muni
788 775 904 842 equitatu
923 772 1126 825 Indutiomarus

168 846 217 897 sub
231 843 322 909 castris
335 842 389 895 cius
402 846 557 912 vagabatur,
573 845 641 897 alius
652 851 682 897 ut
693 846 772 897 sitnm
783 851 928 897 austrorum
940 848 1125 910 cognosceret,

168 914 235 966 olias
243 912 412 979 conloquendi
424 918 468 965 unt
481 913 618 967 territandi
629 930 734 965 mussa:
751 914 851 982 equites
859 915 1014 979 plerumque
1028 927 1125 967 omncs

82 1018 85 1025 ,
168 984 221 1035 telo
239 982 308 1035 intra
326 982 427 1033 nolimu
445 982 624 1035 coniiciebant
657 983 787 1035 Labienus
801 982 943 1035 suosintra
958 980 1125 1033 munitiones

168 1051 315 1169 οοηιῐὲοὴαῑ
328 1050 479 1118 timorisque
500 1050 662 1119 opinionem,
688 1053 894 1120 quibuscumque
908 1054 1011 1120 poterat
1030 1051 1125 1112 rebus,

168 1136 202 1172 an
223 1138 237 1171 e
256 1125 291 1171 at.

204 1138 223 1189 g
237 1186 280 1240 58.
295 1186 385 1255 Quum
399 1186 499 1239 maiore
511 1187 537 1239 in
551 1188 607 1240 dies
620 1189 793 1241 contemtione
803 1187 994 1241 Induitiomarus
1015 1186 1053 1237 ad
1077 1201 1124 1238 ca-

168 1256 384 1318 manesceret,
401 1262 476 1308 nocte
489 1273 556 1320 una,
572 1257 728 1310 intromissis
741 1258 872 1324 equitibus
891 1256 1010 1314 omnium
1028 1255 1124 1310 finitu-

168 1342 272 1379 marum
285 1324 432 1387 civitatum,
450 1342 514 1391 quos
525 1328 691 1379 arcessendos
710 1332 862 1389 curaverat,
885 1331 960 1380 tanta
978 1321 1124 1393 diligentis

169 1410 257 1446 munos
270 1409 330 1444 suos
342 1393 541 1446 cristodiisiutra
553 1403 639 1447 castro
651 1396 784 1459 continuit,
800 1396 911 1461 utnulla
917 1394 1018 1446 ratione
1031 1410 1067 1445 ea
1079 1412 1123 1445 res

168 1461 301 1515 enunciari
314 1468 359 1517 ant
371 1463 404 1513 od
416 1462 539 1514 Treviros
552 1465 662 1530 perferri
676 1470 768 1531 posset.
803 1464 910 1516 Interim
930 1480 964 1529 ex⁸
978 1469 1123 1515 consuens-

169 1532 229 1583 dine
242 1529 392 1599 quotidiana
404 1531 636 1585 Indutiomarnsud
650 1540 735 1585 castra
744 1532 843 1585 accedit
855 1539 933 1599 atque
940 1532 978 1583 ibi
989 1548 1122 1600 maguam

168 1606 268 1669 portem
279 1596 329 1669 diei
343 1600 485 1663 eonsumit3
503 1601 601 1667 equites
612 1603 666 1653 tela
682 1602 822 1654 cordiciunt
834 1609 859 1655 et
870 1618 970 1669 magno
979 1616 1042 1651 cum
1055 1618 1122 1652 con-

168 1670 276 1723 tumelia
288 1668 428 1720 verborum
440 1674 541 1721 nostros
556 1672 591 1721 ad
602 1662 724 1739 pugnans
731 1676 847 1723 evocant.
880 1671 961 1723 Nullo
975 1670 1010 1721 ab
1022 1672 1122 1722 nostris
1141 1678 1143 1701 ⁵

169 1739 228 1791 doto
241 1753 375 1804 responso,
392 1737 438 1791 ubi
451 1738 537 1789 visum
553 1745 605 1802 est,
620 1742 668 1791 snb
682 1751 819 1807 vesperum
832 1739 941 1806 dispersi
954 1756 985 1791 ae
996 1739 1121 1807 dissipati

169 1806 308 1859 discedunt.
350 1806 442 1857 Subito
467 1808 598 1859 Labienus
621 1810 721 1860 duobus
744 1809 825 1874 portis
848 1823 951 1860 omnem
971 1808 1123 1875 equitatum

170 1876 278 1945 emittit3
298 1874 422 1942 praecipit
442 1881 519 1942 atquc
536 1876 691 1941 interdicit,
703 1878 847 1944 proterritis
863 1877 982 1929 hostibus
998 1884 1081 1943 atquc
1092 1879 1121 1929 in

169 1946 261 2013 iugum
276 1944 404 2007 coniectis,
423 1945 504 2011 (quod
519 1947 584 2009 iore,
599 1946 666 1998 sicut
676 1947 778 2010 accidit,
794 1947 922 2013 videbat)
932 1961 1014 1998 uuum
1026 1964 1121 1998 omnes

169 2020 258 2081 petant
269 2013 487 2077 Indutiomarum
505 2032 556 2067 neu
568 2015 626 2081 quis
646 2032 724 2081 quem
741 2015 812 2082 prius
834 2017 966 2078 vuhrcret,
984 2029 1066 2081 quom
1086 2017 1120 2067 ii-

169 2082 224 2133 lum
232 2082 398 2146 interiectum
410 2082 517 2147 viderit,
535 2085 605 2149 quod
620 2102 696 2137 mora
714 2084 875 2151 reliquorum
886 2084 998 2151 spatium
1010 2091 1120 2136 nactum
1141 2101 1143 2140 i

169 2148 247 2207 illum
258 2150 502 2217 effugere'nolebat:
519 2168 617 2220 magna
628 2152 749 2219 proponit
758 2153 800 2217 iis,
817 2154 862 2220 qui
875 2153 1024 2216 occiderint,
1040 2172 1120 2220 prae-

170 2218 385 2270 miat‘submittit
397 2220 514 2271 cohortes
529 2221 658 2286 equitibus
668 2222 809 2274 subsidio·
827 2224 984 2289 Comprobat
1000 2224 1120 2275 hominis
1141 2252 1143 2259 ·

170 2286 307 2338 consitium
319 2288 424 2339 fortuma
440 2292 477 2350 ct,
495 2304 575 2354 quum
587 2306 669 2342 uuum
683 2305 772 2342 omncs
792 2296 923 2357 peterent,
945 2292 972 2342 in
989 2292 1047 2358 ipso
1065 2293 1119 2343 flu-

169 2355 324 2407 minisvado
338 2356 511 2420 deprehensus
530 2357 721 2411 Indutiomarus
737 2360 891 2411 interficitur
910 2368 1039 2427 caputque
1060 2361 1118 2412 eius
1141 2382 1143 2418 ι

167 2425 280 2477 retertur
293 2423 320 2475 in
333 2430 431 2476 castra:
448 2426 583 2477 redeuntes
598 2429 711 2493 equites,
724 2446 791 2495 quos
807 2436 920 2494 possum,
937 2437 1119 2481 consectantur

169 2500 248 2559 etque
257 2492 384 2545 occidnut.
418 2493 477 2549 Hac
486 2511 516 2545 re
527 2495 640 2563 cognitu,
651 2514 740 2549 omnes
750 2498 903 2549 Eburonum
914 2504 940 2550 et
949 2498 1117 2561 Nerviorum,

169 2580 237 2628 quae
258 2566 446 2624 couvenerant,
472 2562 563 2630 copiae
584 2565 733 2629 discedunt3
757 2567 1003 2635 poulloqnehabnit
1014 2578 1074 2636 post
1088 2571 1117 2627 io

169 2632 268 2690 Iactum
281 2632 377 2687 Caesar
389 2629 542 2699 quietiorem
552 2632 677 2686 Gallium.
690 2634 698 2637 “
886 2654 888 2660 ’
982 2678 984 2682 .
1141 2681 1142 2688 ,

426 2922 602 2988 mesu
631 2922 857 2990 sexuvs

492 3043 793 3097 ARIGVMENTVM

240 3176 349 3240 cnecon
365 3179 477 3232 maiores
489 3188 572 3233 motus
582 3182 744 3247 praecidens,
760 3182 847 3249 copias
863 3173 981 3251 osigetc.
995 3183 1027 3238 l:
1045 3184 1111 3238 Ner-
1141 3231 1142 3238 ,

170 3246 234 3307 niis,
253 3247 391 3299 Senonibus
407 3248 608 3315 carentibusque
623 3252 651 3301 in
665 3251 821 3302 destitimus
836 3269 881 3303 acc
913 3254 962 3315 tis,
980 3254 1112 3322 Menapios

171 3314 268 3381 mbigit
279 3313 408 3374 esa-tn
438 3315 554 3367 I'rccir'os
572 3318 701 3377 Labienus
721 3337 743 3370 c.
759 3318 848 3370 7-8.
873 3357 876 3363 -
896 3321 980 3382 tersia
995 3324 1110 3376 Rbeosm
1141 3341 1143 3368 ι

171 3383 266 3434 tramit
279 3398 300 3433 n.
311 3381 342 3454 9,
359 3396 412 3448 qua
426 3385 708 3443 nosocomorum
719 3388 872 3442 eusdem
881 3395 1043 3457 comparans,
1057 3406 1110 3443 rno-
